[
  {
    "name":"Nike Air Force 1 '07 Sneakers",
    "type":"Creamy",
    "total_produced":24592,
    "total_sold":5819,
    "damaged":9012,
    "month":"September",
    "year":2017,
    "edition":"Limited",
    "price":115,
    "gender":"Men",
    "sell_through_rate":23.6621665582,
    "damage_rate":36.6460637606,
    "unsold_inventory":9761,
    "estimated_revenue":669185,
    "quarter":"Q3",
    "date":"2017-09-01T00:00:00.000",
    "is_limited_edition":1,
    "price_bucket":"High",
    "manufacturing_date":"2017-09-01T00:00:00.000",
    "selling_date":"2017-11-06T00:00:00.000"
  },
  {
    "name":"Adidas Originals Samba OG Shoes",
    "type":"Creamy",
    "total_produced":81482,
    "total_sold":16395,
    "damaged":38698,
    "month":"September",
    "year":2019,
    "edition":"Standard",
    "price":100,
    "gender":"Men",
    "sell_through_rate":20.1210083209,
    "damage_rate":47.4926977737,
    "unsold_inventory":26389,
    "estimated_revenue":1639500,
    "quarter":"Q3",
    "date":"2019-09-01T00:00:00.000",
    "is_limited_edition":0,
    "price_bucket":"Mid",
    "manufacturing_date":"2019-09-01T00:00:00.000",
    "selling_date":"2019-09-30T00:00:00.000"
  },
  {
    "name":"Air Jordan 1 Mid Shoes",
    "type":"Peanut Butter",
    "total_produced":76237,
    "total_sold":8478,
    "damaged":26062,
    "month":"January",
    "year":2023,
    "edition":"Special Release",
    "price":110,
    "gender":"Women",
    "sell_through_rate":11.1205844931,
    "damage_rate":34.1855004788,
    "unsold_inventory":41697,
    "estimated_revenue":932580,
    "quarter":"Q1",
    "date":"2023-01-01T00:00:00.000",
    "is_limited_edition":1,
    "price_bucket":"High",
    "manufacturing_date":"2023-01-01T00:00:00.000",
    "selling_date":"2023-03-28T00:00:00.000"
  },
  {
    "name":"Red Tape Casual Sneakers",
    "type":"Brownie",
    "total_produced":46463,
    "total_sold":5425,
    "damaged":10463,
    "month":"October",
    "year":2022,
    "edition":"Anniversary",
    "price":35,
    "gender":"Men",
    "sell_through_rate":11.6759572133,
    "damage_rate":22.5189936078,
    "unsold_inventory":30575,
    "estimated_revenue":189875,
    "quarter":"Q4",
    "date":"2022-10-01T00:00:00.000",
    "is_limited_edition":0,
    "price_bucket":"Low",
    "manufacturing_date":"2022-10-01T00:00:00.000",
    "selling_date":"2022-12-15T00:00:00.000"
  },
  {
    "name":"Nike Court Vision Low Shoes",
    "type":"Peanut Butter",
    "total_produced":54118,
    "total_sold":11698,
    "damaged":6078,
    "month":"April",
    "year":2019,
    "edition":"Standard",
    "price":80,
    "gender":"Women",
    "sell_through_rate":21.6157285931,
    "damage_rate":11.2310137108,
    "unsold_inventory":36342,
    "estimated_revenue":935840,
    "quarter":"Q2",
    "date":"2019-04-01T00:00:00.000",
    "is_limited_edition":0,
    "price_bucket":"Mid",
    "manufacturing_date":"2019-04-01T00:00:00.000",
    "selling_date":"2019-05-06T00:00:00.000"
  },
  {
    "name":"Puma Smash V2 Sneakers",
    "type":"Brownie",
    "total_produced":44671,
    "total_sold":7847,
    "damaged":30108,
    "month":"January",
    "year":2021,
    "edition":"Standard",
    "price":65,
    "gender":"Women",
    "sell_through_rate":17.5662062636,
    "damage_rate":67.3994313984,
    "unsold_inventory":6716,
    "estimated_revenue":510055,
    "quarter":"Q1",
    "date":"2021-01-01T00:00:00.000",
    "is_limited_edition":0,
    "price_bucket":"Mid",
    "manufacturing_date":"2021-01-01T00:00:00.000",
    "selling_date":"2021-03-31T00:00:00.000"
  },
  {
    "name":"Converse Chuck Taylor All Star",
    "type":"Classic",
    "total_produced":82357,
    "total_sold":43427,
    "damaged":23700,
    "month":"June",
    "year":2021,
    "edition":"Limited",
    "price":60,
    "gender":"Men",
    "sell_through_rate":52.7301868694,
    "damage_rate":28.777153126,
    "unsold_inventory":15230,
    "estimated_revenue":2605620,
    "quarter":"Q2",
    "date":"2021-06-01T00:00:00.000",
    "is_limited_edition":1,
    "price_bucket":"Mid",
    "manufacturing_date":"2021-06-01T00:00:00.000",
    "selling_date":"2021-08-29T00:00:00.000"
  },
  {
    "name":"New Balance 574 Core",
    "type":"Creamy",
    "total_produced":39871,
    "total_sold":23965,
    "damaged":1307,
    "month":"August",
    "year":2024,
    "edition":"Limited",
    "price":90,
    "gender":"Women",
    "sell_through_rate":60.106342956,
    "damage_rate":3.2780717815,
    "unsold_inventory":14599,
    "estimated_revenue":2156850,
    "quarter":"Q3",
    "date":"2024-08-01T00:00:00.000",
    "is_limited_edition":1,
    "price_bucket":"Mid",
    "manufacturing_date":"2024-08-01T00:00:00.000",
    "selling_date":"2024-09-08T00:00:00.000"
  },
  {
    "name":"Reebok Classic Leather",
    "type":"Almond",
    "total_produced":69429,
    "total_sold":46660,
    "damaged":11954,
    "month":"October",
    "year":2016,
    "edition":"Holiday",
    "price":85,
    "gender":"Women",
    "sell_through_rate":67.2053464691,
    "damage_rate":17.2175891918,
    "unsold_inventory":10815,
    "estimated_revenue":3966100,
    "quarter":"Q4",
    "date":"2016-10-01T00:00:00.000",
    "is_limited_edition":0,
    "price_bucket":"Mid",
    "manufacturing_date":"2016-10-01T00:00:00.000",
    "selling_date":"2016-10-18T00:00:00.000"
  },
  {
    "name":"Under Armour Charged Assert 9",
    "type":"Creamy",
    "total_produced":99593,
    "total_sold":89939,
    "damaged":1169,
    "month":"October",
    "year":2021,
    "edition":"Limited",
    "price":75,
    "gender":"Men",
    "sell_through_rate":90.3065476489,
    "damage_rate":1.1737772735,
    "unsold_inventory":8485,
    "estimated_revenue":6745425,
    "quarter":"Q4",
    "date":"2021-10-01T00:00:00.000",
    "is_limited_edition":1,
    "price_bucket":"Mid",
    "manufacturing_date":"2021-10-01T00:00:00.000",
    "selling_date":"2021-11-06T00:00:00.000"
  },
  {
    "name":"Fila Disruptor II Premium",
    "type":"Peanut Butter",
    "total_produced":70589,
    "total_sold":54735,
    "damaged":4422,
    "month":"March",
    "year":2022,
    "edition":"Special Release",
    "price":70,
    "gender":"Women",
    "sell_through_rate":77.5404099789,
    "damage_rate":6.2644321353,
    "unsold_inventory":11432,
    "estimated_revenue":3831450,
    "quarter":"Q1",
    "date":"2022-03-01T00:00:00.000",
    "is_limited_edition":1,
    "price_bucket":"Mid",
    "manufacturing_date":"2022-03-01T00:00:00.000",
    "selling_date":"2022-05-07T00:00:00.000"
  },
  {
    "name":"ASICS Gel-Quantum 90",
    "type":"White Chocolate",
    "total_produced":17331,
    "total_sold":8752,
    "damaged":525,
    "month":"January",
    "year":2024,
    "edition":"Holiday",
    "price":100,
    "gender":"Men",
    "sell_through_rate":50.4991056488,
    "damage_rate":3.029253938,
    "unsold_inventory":8054,
    "estimated_revenue":875200,
    "quarter":"Q1",
    "date":"2024-01-01T00:00:00.000",
    "is_limited_edition":0,
    "price_bucket":"Mid",
    "manufacturing_date":"2024-01-01T00:00:00.000",
    "selling_date":"2024-01-17T00:00:00.000"
  },
  {
    "name":"Skechers D'Lites",
    "type":"Peanut Butter",
    "total_produced":84341,
    "total_sold":46245,
    "damaged":13934,
    "month":"May",
    "year":2022,
    "edition":"Anniversary",
    "price":75,
    "gender":"Women",
    "sell_through_rate":54.8309837446,
    "damage_rate":16.5210277327,
    "unsold_inventory":24162,
    "estimated_revenue":3468375,
    "quarter":"Q2",
    "date":"2022-05-01T00:00:00.000",
    "is_limited_edition":0,
    "price_bucket":"Mid",
    "manufacturing_date":"2022-05-01T00:00:00.000",
    "selling_date":"2022-06-14T00:00:00.000"
  },
  {
    "name":"Vans Old Skool",
    "type":"Peanut Butter",
    "total_produced":44718,
    "total_sold":14150,
    "damaged":8081,
    "month":"May",
    "year":2023,
    "edition":"Special Release",
    "price":70,
    "gender":"Women",
    "sell_through_rate":31.6427389418,
    "damage_rate":18.0710228543,
    "unsold_inventory":22487,
    "estimated_revenue":990500,
    "quarter":"Q2",
    "date":"2023-05-01T00:00:00.000",
    "is_limited_edition":1,
    "price_bucket":"Mid",
    "manufacturing_date":"2023-05-01T00:00:00.000",
    "selling_date":"2023-06-22T00:00:00.000"
  },
  {
    "name":"Onitsuka Tiger Mexico 66",
    "type":"Brownie",
    "total_produced":62350,
    "total_sold":28723,
    "damaged":14373,
    "month":"July",
    "year":2016,
    "edition":"Special Release",
    "price":100,
    "gender":"Men",
    "sell_through_rate":46.067361668,
    "damage_rate":23.0521251002,
    "unsold_inventory":19254,
    "estimated_revenue":2872300,
    "quarter":"Q3",
    "date":"2016-07-01T00:00:00.000",
    "is_limited_edition":1,
    "price_bucket":"Mid",
    "manufacturing_date":"2016-07-01T00:00:00.000",
    "selling_date":"2016-07-17T00:00:00.000"
  },
  {
    "name":"Lacoste Carnaby Evo",
    "type":"White Chocolate",
    "total_produced":24371,
    "total_sold":10008,
    "damaged":10280,
    "month":"October",
    "year":2016,
    "edition":"Anniversary",
    "price":95,
    "gender":"Women",
    "sell_through_rate":41.0652004431,
    "damage_rate":42.1812810307,
    "unsold_inventory":4083,
    "estimated_revenue":950760,
    "quarter":"Q4",
    "date":"2016-10-01T00:00:00.000",
    "is_limited_edition":0,
    "price_bucket":"Mid",
    "manufacturing_date":"2016-10-01T00:00:00.000",
    "selling_date":"2016-12-18T00:00:00.000"
  },
  {
    "name":"Superga 2750 Cotu Classic",
    "type":"Crisper",
    "total_produced":88104,
    "total_sold":66348,
    "damaged":17338,
    "month":"October",
    "year":2017,
    "edition":"Special Release",
    "price":65,
    "gender":"Men",
    "sell_through_rate":75.3064560065,
    "damage_rate":19.6790157087,
    "unsold_inventory":4418,
    "estimated_revenue":4312620,
    "quarter":"Q4",
    "date":"2017-10-01T00:00:00.000",
    "is_limited_edition":1,
    "price_bucket":"Mid",
    "manufacturing_date":"2017-10-01T00:00:00.000",
    "selling_date":"2017-12-14T00:00:00.000"
  },
  {
    "name":"Hoka One One Clifton 8",
    "type":"Creamy",
    "total_produced":25014,
    "total_sold":22595,
    "damaged":1092,
    "month":"August",
    "year":2023,
    "edition":"Holiday",
    "price":140,
    "gender":"Women",
    "sell_through_rate":90.3294155273,
    "damage_rate":4.365555289,
    "unsold_inventory":1327,
    "estimated_revenue":3163300,
    "quarter":"Q3",
    "date":"2023-08-01T00:00:00.000",
    "is_limited_edition":0,
    "price_bucket":"High",
    "manufacturing_date":"2023-08-01T00:00:00.000",
    "selling_date":"2023-09-05T00:00:00.000"
  },
  {
    "name":"Saucony Jazz Original",
    "type":"Peanut Butter",
    "total_produced":69470,
    "total_sold":5212,
    "damaged":62509,
    "month":"February",
    "year":2023,
    "edition":"Holiday",
    "price":80,
    "gender":"Men",
    "sell_through_rate":7.502519073,
    "damage_rate":89.9798474162,
    "unsold_inventory":1749,
    "estimated_revenue":416960,
    "quarter":"Q1",
    "date":"2023-02-01T00:00:00.000",
    "is_limited_edition":0,
    "price_bucket":"Mid",
    "manufacturing_date":"2023-02-01T00:00:00.000",
    "selling_date":"2023-03-20T00:00:00.000"
  },
  {
    "name":"Columbia Trailstorm Waterproof",
    "type":"Brownie",
    "total_produced":23947,
    "total_sold":14779,
    "damaged":8317,
    "month":"October",
    "year":2021,
    "edition":"Limited",
    "price":110,
    "gender":"Men",
    "sell_through_rate":61.715454963,
    "damage_rate":34.7308639913,
    "unsold_inventory":851,
    "estimated_revenue":1625690,
    "quarter":"Q4",
    "date":"2021-10-01T00:00:00.000",
    "is_limited_edition":1,
    "price_bucket":"High",
    "manufacturing_date":"2021-10-01T00:00:00.000",
    "selling_date":"2021-12-30T00:00:00.000"
  },
  {
    "name":"Nike Air Force 1 '07 Sneakers",
    "type":"Brownie",
    "total_produced":79514,
    "total_sold":5074,
    "damaged":42487,
    "month":"June",
    "year":2020,
    "edition":"Standard",
    "price":115,
    "gender":"Women",
    "sell_through_rate":6.3812661921,
    "damage_rate":53.4333576477,
    "unsold_inventory":31953,
    "estimated_revenue":583510,
    "quarter":"Q2",
    "date":"2020-06-01T00:00:00.000",
    "is_limited_edition":0,
    "price_bucket":"High",
    "manufacturing_date":"2020-06-01T00:00:00.000",
    "selling_date":"2020-08-12T00:00:00.000"
  },
  {
    "name":"Adidas Originals Samba OG Shoes",
    "type":"White Chocolate",
    "total_produced":50306,
    "total_sold":20692,
    "damaged":1898,
    "month":"September",
    "year":2017,
    "edition":"Special Release",
    "price":100,
    "gender":"Men",
    "sell_through_rate":41.1322705045,
    "damage_rate":3.7729097921,
    "unsold_inventory":27716,
    "estimated_revenue":2069200,
    "quarter":"Q3",
    "date":"2017-09-01T00:00:00.000",
    "is_limited_edition":1,
    "price_bucket":"Mid",
    "manufacturing_date":"2017-09-01T00:00:00.000",
    "selling_date":"2017-10-07T00:00:00.000"
  },
  {
    "name":"Air Jordan 1 Mid Shoes",
    "type":"Creamy",
    "total_produced":73699,
    "total_sold":14071,
    "damaged":49846,
    "month":"December",
    "year":2020,
    "edition":"Limited",
    "price":110,
    "gender":"Women",
    "sell_through_rate":19.0925250003,
    "damage_rate":67.6345676332,
    "unsold_inventory":9782,
    "estimated_revenue":1547810,
    "quarter":"Q4",
    "date":"2020-12-01T00:00:00.000",
    "is_limited_edition":1,
    "price_bucket":"High",
    "manufacturing_date":"2020-12-01T00:00:00.000",
    "selling_date":"2021-02-02T00:00:00.000"
  },
  {
    "name":"Red Tape Casual Sneakers",
    "type":"Brownie",
    "total_produced":31643,
    "total_sold":13685,
    "damaged":17290,
    "month":"October",
    "year":2024,
    "edition":"Special Release",
    "price":35,
    "gender":"Men",
    "sell_through_rate":43.2481117467,
    "damage_rate":54.640836836,
    "unsold_inventory":668,
    "estimated_revenue":478975,
    "quarter":"Q4",
    "date":"2024-10-01T00:00:00.000",
    "is_limited_edition":1,
    "price_bucket":"Low",
    "manufacturing_date":"2024-10-01T00:00:00.000",
    "selling_date":"2024-12-13T00:00:00.000"
  },
  {
    "name":"Nike Court Vision Low Shoes",
    "type":"Brownie",
    "total_produced":36365,
    "total_sold":28361,
    "damaged":2553,
    "month":"June",
    "year":2019,
    "edition":"Holiday",
    "price":80,
    "gender":"Women",
    "sell_through_rate":77.9898253815,
    "damage_rate":7.0204867317,
    "unsold_inventory":5451,
    "estimated_revenue":2268880,
    "quarter":"Q2",
    "date":"2019-06-01T00:00:00.000",
    "is_limited_edition":0,
    "price_bucket":"Mid",
    "manufacturing_date":"2019-06-01T00:00:00.000",
    "selling_date":"2019-07-27T00:00:00.000"
  },
  {
    "name":"Puma Smash V2 Sneakers",
    "type":"Classic",
    "total_produced":42493,
    "total_sold":19725,
    "damaged":2098,
    "month":"October",
    "year":2018,
    "edition":"Standard",
    "price":65,
    "gender":"Men",
    "sell_through_rate":46.4194102558,
    "damage_rate":4.9372837879,
    "unsold_inventory":20670,
    "estimated_revenue":1282125,
    "quarter":"Q4",
    "date":"2018-10-01T00:00:00.000",
    "is_limited_edition":0,
    "price_bucket":"Mid",
    "manufacturing_date":"2018-10-01T00:00:00.000",
    "selling_date":"2018-12-14T00:00:00.000"
  },
  {
    "name":"Converse Chuck Taylor All Star",
    "type":"Brownie",
    "total_produced":38864,
    "total_sold":5471,
    "damaged":4652,
    "month":"December",
    "year":2022,
    "edition":"Standard",
    "price":60,
    "gender":"Men",
    "sell_through_rate":14.0772951832,
    "damage_rate":11.96994648,
    "unsold_inventory":28741,
    "estimated_revenue":328260,
    "quarter":"Q4",
    "date":"2022-12-01T00:00:00.000",
    "is_limited_edition":0,
    "price_bucket":"Mid",
    "manufacturing_date":"2022-12-01T00:00:00.000",
    "selling_date":"2022-12-30T00:00:00.000"
  },
  {
    "name":"New Balance 574 Core",
    "type":"White Chocolate",
    "total_produced":53309,
    "total_sold":9643,
    "damaged":33695,
    "month":"September",
    "year":2017,
    "edition":"Holiday",
    "price":90,
    "gender":"Men",
    "sell_through_rate":18.0888780506,
    "damage_rate":63.2069631769,
    "unsold_inventory":9971,
    "estimated_revenue":867870,
    "quarter":"Q3",
    "date":"2017-09-01T00:00:00.000",
    "is_limited_edition":0,
    "price_bucket":"Mid",
    "manufacturing_date":"2017-09-01T00:00:00.000",
    "selling_date":"2017-11-16T00:00:00.000"
  },
  {
    "name":"Reebok Classic Leather",
    "type":"Brownie",
    "total_produced":27342,
    "total_sold":23711,
    "damaged":2360,
    "month":"April",
    "year":2020,
    "edition":"Limited",
    "price":85,
    "gender":"Women",
    "sell_through_rate":86.7200643698,
    "damage_rate":8.6314095531,
    "unsold_inventory":1271,
    "estimated_revenue":2015435,
    "quarter":"Q2",
    "date":"2020-04-01T00:00:00.000",
    "is_limited_edition":1,
    "price_bucket":"Mid",
    "manufacturing_date":"2020-04-01T00:00:00.000",
    "selling_date":"2020-06-16T00:00:00.000"
  },
  {
    "name":"Under Armour Charged Assert 9",
    "type":"Peanut Butter",
    "total_produced":22363,
    "total_sold":8176,
    "damaged":10796,
    "month":"November",
    "year":2019,
    "edition":"Holiday",
    "price":75,
    "gender":"Women",
    "sell_through_rate":36.5603899298,
    "damage_rate":48.2761704601,
    "unsold_inventory":3391,
    "estimated_revenue":613200,
    "quarter":"Q4",
    "date":"2019-11-01T00:00:00.000",
    "is_limited_edition":0,
    "price_bucket":"Mid",
    "manufacturing_date":"2019-11-01T00:00:00.000",
    "selling_date":"2020-01-01T00:00:00.000"
  },
  {
    "name":"Fila Disruptor II Premium",
    "type":"White Chocolate",
    "total_produced":17100,
    "total_sold":16032,
    "damaged":201,
    "month":"September",
    "year":2015,
    "edition":"Anniversary",
    "price":70,
    "gender":"Men",
    "sell_through_rate":93.7543859649,
    "damage_rate":1.1754385965,
    "unsold_inventory":867,
    "estimated_revenue":1122240,
    "quarter":"Q3",
    "date":"2015-09-01T00:00:00.000",
    "is_limited_edition":0,
    "price_bucket":"Mid",
    "manufacturing_date":"2015-09-01T00:00:00.000",
    "selling_date":"2015-11-16T00:00:00.000"
  },
  {
    "name":"ASICS Gel-Quantum 90",
    "type":"Peanut Butter",
    "total_produced":35112,
    "total_sold":11232,
    "damaged":17573,
    "month":"January",
    "year":2020,
    "edition":"Limited",
    "price":100,
    "gender":"Women",
    "sell_through_rate":31.989063568,
    "damage_rate":50.0484164958,
    "unsold_inventory":6307,
    "estimated_revenue":1123200,
    "quarter":"Q1",
    "date":"2020-01-01T00:00:00.000",
    "is_limited_edition":1,
    "price_bucket":"Mid",
    "manufacturing_date":"2020-01-01T00:00:00.000",
    "selling_date":"2020-03-06T00:00:00.000"
  },
  {
    "name":"Skechers D'Lites",
    "type":"Crisper",
    "total_produced":42742,
    "total_sold":9940,
    "damaged":29041,
    "month":"January",
    "year":2024,
    "edition":"Special Release",
    "price":75,
    "gender":"Men",
    "sell_through_rate":23.2558139535,
    "damage_rate":67.9448785738,
    "unsold_inventory":3761,
    "estimated_revenue":745500,
    "quarter":"Q1",
    "date":"2024-01-01T00:00:00.000",
    "is_limited_edition":1,
    "price_bucket":"Mid",
    "manufacturing_date":"2024-01-01T00:00:00.000",
    "selling_date":"2024-03-10T00:00:00.000"
  },
  {
    "name":"Vans Old Skool",
    "type":"Classic",
    "total_produced":40982,
    "total_sold":15899,
    "damaged":13317,
    "month":"June",
    "year":2020,
    "edition":"Anniversary",
    "price":70,
    "gender":"Women",
    "sell_through_rate":38.7950807672,
    "damage_rate":32.4947537943,
    "unsold_inventory":11766,
    "estimated_revenue":1112930,
    "quarter":"Q2",
    "date":"2020-06-01T00:00:00.000",
    "is_limited_edition":0,
    "price_bucket":"Mid",
    "manufacturing_date":"2020-06-01T00:00:00.000",
    "selling_date":"2020-08-18T00:00:00.000"
  },
  {
    "name":"Onitsuka Tiger Mexico 66",
    "type":"Classic",
    "total_produced":31579,
    "total_sold":17418,
    "damaged":35,
    "month":"May",
    "year":2019,
    "edition":"Holiday",
    "price":100,
    "gender":"Women",
    "sell_through_rate":55.1569080718,
    "damage_rate":0.1108331486,
    "unsold_inventory":14126,
    "estimated_revenue":1741800,
    "quarter":"Q2",
    "date":"2019-05-01T00:00:00.000",
    "is_limited_edition":0,
    "price_bucket":"Mid",
    "manufacturing_date":"2019-05-01T00:00:00.000",
    "selling_date":"2019-05-18T00:00:00.000"
  },
  {
    "name":"Lacoste Carnaby Evo",
    "type":"Almond",
    "total_produced":65444,
    "total_sold":50651,
    "damaged":11968,
    "month":"October",
    "year":2023,
    "edition":"Special Release",
    "price":95,
    "gender":"Women",
    "sell_through_rate":77.3959415684,
    "damage_rate":18.2873907463,
    "unsold_inventory":2825,
    "estimated_revenue":4811845,
    "quarter":"Q4",
    "date":"2023-10-01T00:00:00.000",
    "is_limited_edition":1,
    "price_bucket":"Mid",
    "manufacturing_date":"2023-10-01T00:00:00.000",
    "selling_date":"2023-12-05T00:00:00.000"
  },
  {
    "name":"Superga 2750 Cotu Classic",
    "type":"Peanut Butter",
    "total_produced":34890,
    "total_sold":14722,
    "damaged":7133,
    "month":"August",
    "year":2015,
    "edition":"Special Release",
    "price":65,
    "gender":"Men",
    "sell_through_rate":42.1954714818,
    "damage_rate":20.4442533677,
    "unsold_inventory":13035,
    "estimated_revenue":956930,
    "quarter":"Q3",
    "date":"2015-08-01T00:00:00.000",
    "is_limited_edition":1,
    "price_bucket":"Mid",
    "manufacturing_date":"2015-08-01T00:00:00.000",
    "selling_date":"2015-08-22T00:00:00.000"
  },
  {
    "name":"Hoka One One Clifton 8",
    "type":"Creamy",
    "total_produced":51104,
    "total_sold":8746,
    "damaged":3286,
    "month":"July",
    "year":2021,
    "edition":"Anniversary",
    "price":140,
    "gender":"Men",
    "sell_through_rate":17.1141202254,
    "damage_rate":6.430025047,
    "unsold_inventory":39072,
    "estimated_revenue":1224440,
    "quarter":"Q3",
    "date":"2021-07-01T00:00:00.000",
    "is_limited_edition":0,
    "price_bucket":"High",
    "manufacturing_date":"2021-07-01T00:00:00.000",
    "selling_date":"2021-08-05T00:00:00.000"
  },
  {
    "name":"Saucony Jazz Original",
    "type":"Classic",
    "total_produced":76562,
    "total_sold":15500,
    "damaged":55793,
    "month":"January",
    "year":2017,
    "edition":"Standard",
    "price":80,
    "gender":"Men",
    "sell_through_rate":20.2450301716,
    "damage_rate":72.872965701,
    "unsold_inventory":5269,
    "estimated_revenue":1240000,
    "quarter":"Q1",
    "date":"2017-01-01T00:00:00.000",
    "is_limited_edition":0,
    "price_bucket":"Mid",
    "manufacturing_date":"2017-01-01T00:00:00.000",
    "selling_date":"2017-03-29T00:00:00.000"
  },
  {
    "name":"Columbia Trailstorm Waterproof",
    "type":"Crisper",
    "total_produced":25713,
    "total_sold":23667,
    "damaged":504,
    "month":"June",
    "year":2021,
    "edition":"Special Release",
    "price":110,
    "gender":"Men",
    "sell_through_rate":92.0429354801,
    "damage_rate":1.9600980049,
    "unsold_inventory":1542,
    "estimated_revenue":2603370,
    "quarter":"Q2",
    "date":"2021-06-01T00:00:00.000",
    "is_limited_edition":1,
    "price_bucket":"High",
    "manufacturing_date":"2021-06-01T00:00:00.000",
    "selling_date":"2021-07-24T00:00:00.000"
  },
  {
    "name":"Nike Air Force 1 '07 Sneakers",
    "type":"Crisper",
    "total_produced":96163,
    "total_sold":81503,
    "damaged":9260,
    "month":"November",
    "year":2020,
    "edition":"Holiday",
    "price":115,
    "gender":"Men",
    "sell_through_rate":84.7550513191,
    "damage_rate":9.6294832732,
    "unsold_inventory":5400,
    "estimated_revenue":9372845,
    "quarter":"Q4",
    "date":"2020-11-01T00:00:00.000",
    "is_limited_edition":0,
    "price_bucket":"High",
    "manufacturing_date":"2020-11-01T00:00:00.000",
    "selling_date":"2020-12-03T00:00:00.000"
  },
  {
    "name":"Adidas Originals Samba OG Shoes",
    "type":"Creamy",
    "total_produced":51180,
    "total_sold":20642,
    "damaged":8703,
    "month":"June",
    "year":2019,
    "edition":"Limited",
    "price":100,
    "gender":"Women",
    "sell_through_rate":40.3321610004,
    "damage_rate":17.0046893318,
    "unsold_inventory":21835,
    "estimated_revenue":2064200,
    "quarter":"Q2",
    "date":"2019-06-01T00:00:00.000",
    "is_limited_edition":1,
    "price_bucket":"Mid",
    "manufacturing_date":"2019-06-01T00:00:00.000",
    "selling_date":"2019-06-19T00:00:00.000"
  },
  {
    "name":"Air Jordan 1 Mid Shoes",
    "type":"Crisper",
    "total_produced":51441,
    "total_sold":9754,
    "damaged":610,
    "month":"February",
    "year":2020,
    "edition":"Special Release",
    "price":110,
    "gender":"Men",
    "sell_through_rate":18.9615287417,
    "damage_rate":1.1858245368,
    "unsold_inventory":41077,
    "estimated_revenue":1072940,
    "quarter":"Q1",
    "date":"2020-02-01T00:00:00.000",
    "is_limited_edition":1,
    "price_bucket":"High",
    "manufacturing_date":"2020-02-01T00:00:00.000",
    "selling_date":"2020-04-15T00:00:00.000"
  },
  {
    "name":"Red Tape Casual Sneakers",
    "type":"Classic",
    "total_produced":80468,
    "total_sold":32938,
    "damaged":33153,
    "month":"December",
    "year":2017,
    "edition":"Limited",
    "price":35,
    "gender":"Men",
    "sell_through_rate":40.933041706,
    "damage_rate":41.2002286623,
    "unsold_inventory":14377,
    "estimated_revenue":1152830,
    "quarter":"Q4",
    "date":"2017-12-01T00:00:00.000",
    "is_limited_edition":1,
    "price_bucket":"Low",
    "manufacturing_date":"2017-12-01T00:00:00.000",
    "selling_date":"2017-12-29T00:00:00.000"
  },
  {
    "name":"Nike Court Vision Low Shoes",
    "type":"Peanut Butter",
    "total_produced":58434,
    "total_sold":23676,
    "damaged":10338,
    "month":"November",
    "year":2019,
    "edition":"Special Release",
    "price":80,
    "gender":"Men",
    "sell_through_rate":40.5175069309,
    "damage_rate":17.6917548003,
    "unsold_inventory":24420,
    "estimated_revenue":1894080,
    "quarter":"Q4",
    "date":"2019-11-01T00:00:00.000",
    "is_limited_edition":1,
    "price_bucket":"Mid",
    "manufacturing_date":"2019-11-01T00:00:00.000",
    "selling_date":"2019-11-24T00:00:00.000"
  },
  {
    "name":"Puma Smash V2 Sneakers",
    "type":"Creamy",
    "total_produced":82692,
    "total_sold":44240,
    "damaged":6788,
    "month":"November",
    "year":2024,
    "edition":"Limited",
    "price":65,
    "gender":"Men",
    "sell_through_rate":53.4997339525,
    "damage_rate":8.2087747303,
    "unsold_inventory":31664,
    "estimated_revenue":2875600,
    "quarter":"Q4",
    "date":"2024-11-01T00:00:00.000",
    "is_limited_edition":1,
    "price_bucket":"Mid",
    "manufacturing_date":"2024-11-01T00:00:00.000",
    "selling_date":"2025-01-07T00:00:00.000"
  },
  {
    "name":"Converse Chuck Taylor All Star",
    "type":"Creamy",
    "total_produced":82512,
    "total_sold":25374,
    "damaged":17848,
    "month":"February",
    "year":2018,
    "edition":"Special Release",
    "price":60,
    "gender":"Women",
    "sell_through_rate":30.7518906341,
    "damage_rate":21.6307930968,
    "unsold_inventory":39290,
    "estimated_revenue":1522440,
    "quarter":"Q1",
    "date":"2018-02-01T00:00:00.000",
    "is_limited_edition":1,
    "price_bucket":"Mid",
    "manufacturing_date":"2018-02-01T00:00:00.000",
    "selling_date":"2018-02-17T00:00:00.000"
  },
  {
    "name":"New Balance 574 Core",
    "type":"Peanut Butter",
    "total_produced":93130,
    "total_sold":39600,
    "damaged":33122,
    "month":"June",
    "year":2020,
    "edition":"Holiday",
    "price":90,
    "gender":"Men",
    "sell_through_rate":42.5212069151,
    "damage_rate":35.5653387738,
    "unsold_inventory":20408,
    "estimated_revenue":3564000,
    "quarter":"Q2",
    "date":"2020-06-01T00:00:00.000",
    "is_limited_edition":0,
    "price_bucket":"Mid",
    "manufacturing_date":"2020-06-01T00:00:00.000",
    "selling_date":"2020-08-14T00:00:00.000"
  },
  {
    "name":"Reebok Classic Leather",
    "type":"Classic",
    "total_produced":93136,
    "total_sold":60518,
    "damaged":27176,
    "month":"February",
    "year":2018,
    "edition":"Standard",
    "price":85,
    "gender":"Men",
    "sell_through_rate":64.978096547,
    "damage_rate":29.1788352517,
    "unsold_inventory":5442,
    "estimated_revenue":5144030,
    "quarter":"Q1",
    "date":"2018-02-01T00:00:00.000",
    "is_limited_edition":0,
    "price_bucket":"Mid",
    "manufacturing_date":"2018-02-01T00:00:00.000",
    "selling_date":"2018-04-27T00:00:00.000"
  },
  {
    "name":"Under Armour Charged Assert 9",
    "type":"Creamy",
    "total_produced":44335,
    "total_sold":15589,
    "damaged":24288,
    "month":"December",
    "year":2019,
    "edition":"Special Release",
    "price":75,
    "gender":"Men",
    "sell_through_rate":35.1618360212,
    "damage_rate":54.7829028984,
    "unsold_inventory":4458,
    "estimated_revenue":1169175,
    "quarter":"Q4",
    "date":"2019-12-01T00:00:00.000",
    "is_limited_edition":1,
    "price_bucket":"Mid",
    "manufacturing_date":"2019-12-01T00:00:00.000",
    "selling_date":"2020-01-28T00:00:00.000"
  },
  {
    "name":"Fila Disruptor II Premium",
    "type":"Classic",
    "total_produced":19862,
    "total_sold":19468,
    "damaged":353,
    "month":"September",
    "year":2016,
    "edition":"Special Release",
    "price":70,
    "gender":"Women",
    "sell_through_rate":98.0163125566,
    "damage_rate":1.7772631155,
    "unsold_inventory":41,
    "estimated_revenue":1362760,
    "quarter":"Q3",
    "date":"2016-09-01T00:00:00.000",
    "is_limited_edition":1,
    "price_bucket":"Mid",
    "manufacturing_date":"2016-09-01T00:00:00.000",
    "selling_date":"2016-09-23T00:00:00.000"
  },
  {
    "name":"ASICS Gel-Quantum 90",
    "type":"Brownie",
    "total_produced":82420,
    "total_sold":24410,
    "damaged":28166,
    "month":"June",
    "year":2016,
    "edition":"Standard",
    "price":100,
    "gender":"Men",
    "sell_through_rate":29.6165979131,
    "damage_rate":34.1737442368,
    "unsold_inventory":29844,
    "estimated_revenue":2441000,
    "quarter":"Q2",
    "date":"2016-06-01T00:00:00.000",
    "is_limited_edition":0,
    "price_bucket":"Mid",
    "manufacturing_date":"2016-06-01T00:00:00.000",
    "selling_date":"2016-08-01T00:00:00.000"
  },
  {
    "name":"Skechers D'Lites",
    "type":"Almond",
    "total_produced":37535,
    "total_sold":27349,
    "damaged":4088,
    "month":"June",
    "year":2022,
    "edition":"Standard",
    "price":75,
    "gender":"Women",
    "sell_through_rate":72.8626615159,
    "damage_rate":10.891168243,
    "unsold_inventory":6098,
    "estimated_revenue":2051175,
    "quarter":"Q2",
    "date":"2022-06-01T00:00:00.000",
    "is_limited_edition":0,
    "price_bucket":"Mid",
    "manufacturing_date":"2022-06-01T00:00:00.000",
    "selling_date":"2022-07-20T00:00:00.000"
  },
  {
    "name":"Vans Old Skool",
    "type":"Brownie",
    "total_produced":30257,
    "total_sold":12757,
    "damaged":5324,
    "month":"December",
    "year":2023,
    "edition":"Limited",
    "price":70,
    "gender":"Men",
    "sell_through_rate":42.1621442972,
    "damage_rate":17.595928215,
    "unsold_inventory":12176,
    "estimated_revenue":892990,
    "quarter":"Q4",
    "date":"2023-12-01T00:00:00.000",
    "is_limited_edition":1,
    "price_bucket":"Mid",
    "manufacturing_date":"2023-12-01T00:00:00.000",
    "selling_date":"2024-01-20T00:00:00.000"
  },
  {
    "name":"Onitsuka Tiger Mexico 66",
    "type":"Peanut Butter",
    "total_produced":53540,
    "total_sold":31982,
    "damaged":8131,
    "month":"December",
    "year":2017,
    "edition":"Limited",
    "price":100,
    "gender":"Men",
    "sell_through_rate":59.7347777363,
    "damage_rate":15.1867762421,
    "unsold_inventory":13427,
    "estimated_revenue":3198200,
    "quarter":"Q4",
    "date":"2017-12-01T00:00:00.000",
    "is_limited_edition":1,
    "price_bucket":"Mid",
    "manufacturing_date":"2017-12-01T00:00:00.000",
    "selling_date":"2018-02-03T00:00:00.000"
  },
  {
    "name":"Lacoste Carnaby Evo",
    "type":"Crisper",
    "total_produced":15075,
    "total_sold":12711,
    "damaged":911,
    "month":"March",
    "year":2017,
    "edition":"Anniversary",
    "price":95,
    "gender":"Men",
    "sell_through_rate":84.3184079602,
    "damage_rate":6.0431177446,
    "unsold_inventory":1453,
    "estimated_revenue":1207545,
    "quarter":"Q1",
    "date":"2017-03-01T00:00:00.000",
    "is_limited_edition":0,
    "price_bucket":"Mid",
    "manufacturing_date":"2017-03-01T00:00:00.000",
    "selling_date":"2017-03-19T00:00:00.000"
  },
  {
    "name":"Superga 2750 Cotu Classic",
    "type":"Peanut Butter",
    "total_produced":13101,
    "total_sold":10406,
    "damaged":791,
    "month":"June",
    "year":2019,
    "edition":"Holiday",
    "price":65,
    "gender":"Men",
    "sell_through_rate":79.4290512175,
    "damage_rate":6.0377070453,
    "unsold_inventory":1904,
    "estimated_revenue":676390,
    "quarter":"Q2",
    "date":"2019-06-01T00:00:00.000",
    "is_limited_edition":0,
    "price_bucket":"Mid",
    "manufacturing_date":"2019-06-01T00:00:00.000",
    "selling_date":"2019-06-17T00:00:00.000"
  },
  {
    "name":"Hoka One One Clifton 8",
    "type":"White Chocolate",
    "total_produced":46585,
    "total_sold":28012,
    "damaged":16692,
    "month":"June",
    "year":2019,
    "edition":"Special Release",
    "price":140,
    "gender":"Men",
    "sell_through_rate":60.1309434367,
    "damage_rate":35.8312761619,
    "unsold_inventory":1881,
    "estimated_revenue":3921680,
    "quarter":"Q2",
    "date":"2019-06-01T00:00:00.000",
    "is_limited_edition":1,
    "price_bucket":"High",
    "manufacturing_date":"2019-06-01T00:00:00.000",
    "selling_date":"2019-06-21T00:00:00.000"
  },
  {
    "name":"Saucony Jazz Original",
    "type":"Classic",
    "total_produced":44237,
    "total_sold":16702,
    "damaged":19024,
    "month":"December",
    "year":2017,
    "edition":"Standard",
    "price":80,
    "gender":"Women",
    "sell_through_rate":37.7557248457,
    "damage_rate":43.0047245518,
    "unsold_inventory":8511,
    "estimated_revenue":1336160,
    "quarter":"Q4",
    "date":"2017-12-01T00:00:00.000",
    "is_limited_edition":0,
    "price_bucket":"Mid",
    "manufacturing_date":"2017-12-01T00:00:00.000",
    "selling_date":"2018-02-07T00:00:00.000"
  },
  {
    "name":"Columbia Trailstorm Waterproof",
    "type":"Almond",
    "total_produced":51114,
    "total_sold":33599,
    "damaged":16758,
    "month":"April",
    "year":2016,
    "edition":"Anniversary",
    "price":110,
    "gender":"Men",
    "sell_through_rate":65.7334585436,
    "damage_rate":32.7855382087,
    "unsold_inventory":757,
    "estimated_revenue":3695890,
    "quarter":"Q2",
    "date":"2016-04-01T00:00:00.000",
    "is_limited_edition":0,
    "price_bucket":"High",
    "manufacturing_date":"2016-04-01T00:00:00.000",
    "selling_date":"2016-04-19T00:00:00.000"
  },
  {
    "name":"Nike Air Force 1 '07 Sneakers",
    "type":"Almond",
    "total_produced":15817,
    "total_sold":12144,
    "damaged":6,
    "month":"October",
    "year":2020,
    "edition":"Special Release",
    "price":115,
    "gender":"Men",
    "sell_through_rate":76.7781500917,
    "damage_rate":0.0379338686,
    "unsold_inventory":3667,
    "estimated_revenue":1396560,
    "quarter":"Q4",
    "date":"2020-10-01T00:00:00.000",
    "is_limited_edition":1,
    "price_bucket":"High",
    "manufacturing_date":"2020-10-01T00:00:00.000",
    "selling_date":"2020-12-08T00:00:00.000"
  },
  {
    "name":"Adidas Originals Samba OG Shoes",
    "type":"Almond",
    "total_produced":66531,
    "total_sold":9585,
    "damaged":43531,
    "month":"September",
    "year":2018,
    "edition":"Special Release",
    "price":100,
    "gender":"Men",
    "sell_through_rate":14.4068178744,
    "damage_rate":65.4296493364,
    "unsold_inventory":13415,
    "estimated_revenue":958500,
    "quarter":"Q3",
    "date":"2018-09-01T00:00:00.000",
    "is_limited_edition":1,
    "price_bucket":"Mid",
    "manufacturing_date":"2018-09-01T00:00:00.000",
    "selling_date":"2018-11-17T00:00:00.000"
  },
  {
    "name":"Air Jordan 1 Mid Shoes",
    "type":"Creamy",
    "total_produced":49363,
    "total_sold":38234,
    "damaged":5067,
    "month":"June",
    "year":2022,
    "edition":"Anniversary",
    "price":110,
    "gender":"Women",
    "sell_through_rate":77.4547738184,
    "damage_rate":10.2647732107,
    "unsold_inventory":6062,
    "estimated_revenue":4205740,
    "quarter":"Q2",
    "date":"2022-06-01T00:00:00.000",
    "is_limited_edition":0,
    "price_bucket":"High",
    "manufacturing_date":"2022-06-01T00:00:00.000",
    "selling_date":"2022-07-03T00:00:00.000"
  },
  {
    "name":"Red Tape Casual Sneakers",
    "type":"Brownie",
    "total_produced":26683,
    "total_sold":11286,
    "damaged":6888,
    "month":"June",
    "year":2022,
    "edition":"Anniversary",
    "price":35,
    "gender":"Men",
    "sell_through_rate":42.2965933366,
    "damage_rate":25.8141888094,
    "unsold_inventory":8509,
    "estimated_revenue":395010,
    "quarter":"Q2",
    "date":"2022-06-01T00:00:00.000",
    "is_limited_edition":0,
    "price_bucket":"Low",
    "manufacturing_date":"2022-06-01T00:00:00.000",
    "selling_date":"2022-07-29T00:00:00.000"
  },
  {
    "name":"Nike Court Vision Low Shoes",
    "type":"Brownie",
    "total_produced":84593,
    "total_sold":44446,
    "damaged":26612,
    "month":"February",
    "year":2021,
    "edition":"Standard",
    "price":80,
    "gender":"Men",
    "sell_through_rate":52.5409903893,
    "damage_rate":31.458867755,
    "unsold_inventory":13535,
    "estimated_revenue":3555680,
    "quarter":"Q1",
    "date":"2021-02-01T00:00:00.000",
    "is_limited_edition":0,
    "price_bucket":"Mid",
    "manufacturing_date":"2021-02-01T00:00:00.000",
    "selling_date":"2021-03-21T00:00:00.000"
  },
  {
    "name":"Puma Smash V2 Sneakers",
    "type":"Crisper",
    "total_produced":86019,
    "total_sold":84516,
    "damaged":1340,
    "month":"August",
    "year":2018,
    "edition":"Anniversary",
    "price":65,
    "gender":"Men",
    "sell_through_rate":98.2527116102,
    "damage_rate":1.5577953708,
    "unsold_inventory":163,
    "estimated_revenue":5493540,
    "quarter":"Q3",
    "date":"2018-08-01T00:00:00.000",
    "is_limited_edition":0,
    "price_bucket":"Mid",
    "manufacturing_date":"2018-08-01T00:00:00.000",
    "selling_date":"2018-10-28T00:00:00.000"
  },
  {
    "name":"Converse Chuck Taylor All Star",
    "type":"Brownie",
    "total_produced":72021,
    "total_sold":27241,
    "damaged":43178,
    "month":"December",
    "year":2015,
    "edition":"Holiday",
    "price":60,
    "gender":"Women",
    "sell_through_rate":37.8236903125,
    "damage_rate":59.9519584566,
    "unsold_inventory":1602,
    "estimated_revenue":1634460,
    "quarter":"Q4",
    "date":"2015-12-01T00:00:00.000",
    "is_limited_edition":0,
    "price_bucket":"Mid",
    "manufacturing_date":"2015-12-01T00:00:00.000",
    "selling_date":"2016-02-15T00:00:00.000"
  },
  {
    "name":"New Balance 574 Core",
    "type":"Classic",
    "total_produced":40784,
    "total_sold":25343,
    "damaged":3680,
    "month":"January",
    "year":2024,
    "edition":"Limited",
    "price":90,
    "gender":"Men",
    "sell_through_rate":62.1395645351,
    "damage_rate":9.0231463319,
    "unsold_inventory":11761,
    "estimated_revenue":2280870,
    "quarter":"Q1",
    "date":"2024-01-01T00:00:00.000",
    "is_limited_edition":1,
    "price_bucket":"Mid",
    "manufacturing_date":"2024-01-01T00:00:00.000",
    "selling_date":"2024-01-29T00:00:00.000"
  },
  {
    "name":"Reebok Classic Leather",
    "type":"Peanut Butter",
    "total_produced":72277,
    "total_sold":14545,
    "damaged":29846,
    "month":"August",
    "year":2019,
    "edition":"Special Release",
    "price":85,
    "gender":"Women",
    "sell_through_rate":20.1239675139,
    "damage_rate":41.293910926,
    "unsold_inventory":27886,
    "estimated_revenue":1236325,
    "quarter":"Q3",
    "date":"2019-08-01T00:00:00.000",
    "is_limited_edition":1,
    "price_bucket":"Mid",
    "manufacturing_date":"2019-08-01T00:00:00.000",
    "selling_date":"2019-10-02T00:00:00.000"
  },
  {
    "name":"Under Armour Charged Assert 9",
    "type":"Crisper",
    "total_produced":62383,
    "total_sold":20989,
    "damaged":9671,
    "month":"May",
    "year":2022,
    "edition":"Standard",
    "price":75,
    "gender":"Men",
    "sell_through_rate":33.6453841591,
    "damage_rate":15.5026209063,
    "unsold_inventory":31723,
    "estimated_revenue":1574175,
    "quarter":"Q2",
    "date":"2022-05-01T00:00:00.000",
    "is_limited_edition":0,
    "price_bucket":"Mid",
    "manufacturing_date":"2022-05-01T00:00:00.000",
    "selling_date":"2022-05-30T00:00:00.000"
  },
  {
    "name":"Fila Disruptor II Premium",
    "type":"White Chocolate",
    "total_produced":65724,
    "total_sold":19341,
    "damaged":11526,
    "month":"January",
    "year":2024,
    "edition":"Special Release",
    "price":70,
    "gender":"Men",
    "sell_through_rate":29.4276063538,
    "damage_rate":17.5369727953,
    "unsold_inventory":34857,
    "estimated_revenue":1353870,
    "quarter":"Q1",
    "date":"2024-01-01T00:00:00.000",
    "is_limited_edition":1,
    "price_bucket":"Mid",
    "manufacturing_date":"2024-01-01T00:00:00.000",
    "selling_date":"2024-03-27T00:00:00.000"
  },
  {
    "name":"ASICS Gel-Quantum 90",
    "type":"White Chocolate",
    "total_produced":25906,
    "total_sold":19957,
    "damaged":1092,
    "month":"December",
    "year":2023,
    "edition":"Anniversary",
    "price":100,
    "gender":"Women",
    "sell_through_rate":77.0362078283,
    "damage_rate":4.2152397128,
    "unsold_inventory":4857,
    "estimated_revenue":1995700,
    "quarter":"Q4",
    "date":"2023-12-01T00:00:00.000",
    "is_limited_edition":0,
    "price_bucket":"Mid",
    "manufacturing_date":"2023-12-01T00:00:00.000",
    "selling_date":"2024-02-15T00:00:00.000"
  },
  {
    "name":"Skechers D'Lites",
    "type":"White Chocolate",
    "total_produced":68008,
    "total_sold":45150,
    "damaged":16540,
    "month":"October",
    "year":2019,
    "edition":"Special Release",
    "price":75,
    "gender":"Men",
    "sell_through_rate":66.3892483237,
    "damage_rate":24.3206681567,
    "unsold_inventory":6318,
    "estimated_revenue":3386250,
    "quarter":"Q4",
    "date":"2019-10-01T00:00:00.000",
    "is_limited_edition":1,
    "price_bucket":"Mid",
    "manufacturing_date":"2019-10-01T00:00:00.000",
    "selling_date":"2019-11-24T00:00:00.000"
  },
  {
    "name":"Vans Old Skool",
    "type":"Creamy",
    "total_produced":72216,
    "total_sold":63991,
    "damaged":4246,
    "month":"June",
    "year":2023,
    "edition":"Limited",
    "price":70,
    "gender":"Women",
    "sell_through_rate":88.6105572172,
    "damage_rate":5.8795834718,
    "unsold_inventory":3979,
    "estimated_revenue":4479370,
    "quarter":"Q2",
    "date":"2023-06-01T00:00:00.000",
    "is_limited_edition":1,
    "price_bucket":"Mid",
    "manufacturing_date":"2023-06-01T00:00:00.000",
    "selling_date":"2023-08-07T00:00:00.000"
  },
  {
    "name":"Onitsuka Tiger Mexico 66",
    "type":"White Chocolate",
    "total_produced":78327,
    "total_sold":68517,
    "damaged":3919,
    "month":"January",
    "year":2018,
    "edition":"Anniversary",
    "price":100,
    "gender":"Women",
    "sell_through_rate":87.4755831323,
    "damage_rate":5.0033832523,
    "unsold_inventory":5891,
    "estimated_revenue":6851700,
    "quarter":"Q1",
    "date":"2018-01-01T00:00:00.000",
    "is_limited_edition":0,
    "price_bucket":"Mid",
    "manufacturing_date":"2018-01-01T00:00:00.000",
    "selling_date":"2018-02-08T00:00:00.000"
  },
  {
    "name":"Lacoste Carnaby Evo",
    "type":"Peanut Butter",
    "total_produced":45614,
    "total_sold":27010,
    "damaged":10476,
    "month":"January",
    "year":2021,
    "edition":"Standard",
    "price":95,
    "gender":"Men",
    "sell_through_rate":59.2142763187,
    "damage_rate":22.9666330513,
    "unsold_inventory":8128,
    "estimated_revenue":2565950,
    "quarter":"Q1",
    "date":"2021-01-01T00:00:00.000",
    "is_limited_edition":0,
    "price_bucket":"Mid",
    "manufacturing_date":"2021-01-01T00:00:00.000",
    "selling_date":"2021-02-10T00:00:00.000"
  },
  {
    "name":"Superga 2750 Cotu Classic",
    "type":"Crisper",
    "total_produced":30028,
    "total_sold":28147,
    "damaged":438,
    "month":"September",
    "year":2015,
    "edition":"Anniversary",
    "price":65,
    "gender":"Women",
    "sell_through_rate":93.7358465432,
    "damage_rate":1.458638604,
    "unsold_inventory":1443,
    "estimated_revenue":1829555,
    "quarter":"Q3",
    "date":"2015-09-01T00:00:00.000",
    "is_limited_edition":0,
    "price_bucket":"Mid",
    "manufacturing_date":"2015-09-01T00:00:00.000",
    "selling_date":"2015-11-14T00:00:00.000"
  },
  {
    "name":"Hoka One One Clifton 8",
    "type":"Crisper",
    "total_produced":18161,
    "total_sold":8388,
    "damaged":6883,
    "month":"May",
    "year":2019,
    "edition":"Special Release",
    "price":140,
    "gender":"Men",
    "sell_through_rate":46.1868839822,
    "damage_rate":37.8998953802,
    "unsold_inventory":2890,
    "estimated_revenue":1174320,
    "quarter":"Q2",
    "date":"2019-05-01T00:00:00.000",
    "is_limited_edition":1,
    "price_bucket":"High",
    "manufacturing_date":"2019-05-01T00:00:00.000",
    "selling_date":"2019-06-25T00:00:00.000"
  },
  {
    "name":"Saucony Jazz Original",
    "type":"White Chocolate",
    "total_produced":85456,
    "total_sold":54857,
    "damaged":15629,
    "month":"January",
    "year":2015,
    "edition":"Holiday",
    "price":80,
    "gender":"Women",
    "sell_through_rate":64.1932690507,
    "damage_rate":18.288944018,
    "unsold_inventory":14970,
    "estimated_revenue":4388560,
    "quarter":"Q1",
    "date":"2015-01-01T00:00:00.000",
    "is_limited_edition":0,
    "price_bucket":"Mid",
    "manufacturing_date":"2015-01-01T00:00:00.000",
    "selling_date":"2015-02-13T00:00:00.000"
  },
  {
    "name":"Columbia Trailstorm Waterproof",
    "type":"White Chocolate",
    "total_produced":64921,
    "total_sold":40272,
    "damaged":24494,
    "month":"March",
    "year":2023,
    "edition":"Special Release",
    "price":110,
    "gender":"Men",
    "sell_through_rate":62.0323161997,
    "damage_rate":37.7289320867,
    "unsold_inventory":155,
    "estimated_revenue":4429920,
    "quarter":"Q1",
    "date":"2023-03-01T00:00:00.000",
    "is_limited_edition":1,
    "price_bucket":"High",
    "manufacturing_date":"2023-03-01T00:00:00.000",
    "selling_date":"2023-03-30T00:00:00.000"
  },
  {
    "name":"Nike Air Force 1 '07 Sneakers",
    "type":"Crisper",
    "total_produced":38760,
    "total_sold":22887,
    "damaged":7140,
    "month":"June",
    "year":2020,
    "edition":"Standard",
    "price":115,
    "gender":"Women",
    "sell_through_rate":59.0479876161,
    "damage_rate":18.4210526316,
    "unsold_inventory":8733,
    "estimated_revenue":2632005,
    "quarter":"Q2",
    "date":"2020-06-01T00:00:00.000",
    "is_limited_edition":0,
    "price_bucket":"High",
    "manufacturing_date":"2020-06-01T00:00:00.000",
    "selling_date":"2020-07-30T00:00:00.000"
  },
  {
    "name":"Adidas Originals Samba OG Shoes",
    "type":"Creamy",
    "total_produced":31632,
    "total_sold":20315,
    "damaged":2091,
    "month":"December",
    "year":2021,
    "edition":"Special Release",
    "price":100,
    "gender":"Women",
    "sell_through_rate":64.2229387962,
    "damage_rate":6.6103945372,
    "unsold_inventory":9226,
    "estimated_revenue":2031500,
    "quarter":"Q4",
    "date":"2021-12-01T00:00:00.000",
    "is_limited_edition":1,
    "price_bucket":"Mid",
    "manufacturing_date":"2021-12-01T00:00:00.000",
    "selling_date":"2022-02-18T00:00:00.000"
  },
  {
    "name":"Air Jordan 1 Mid Shoes",
    "type":"Brownie",
    "total_produced":83975,
    "total_sold":8552,
    "damaged":11003,
    "month":"March",
    "year":2022,
    "edition":"Anniversary",
    "price":110,
    "gender":"Women",
    "sell_through_rate":10.1839833284,
    "damage_rate":13.1027091396,
    "unsold_inventory":64420,
    "estimated_revenue":940720,
    "quarter":"Q1",
    "date":"2022-03-01T00:00:00.000",
    "is_limited_edition":0,
    "price_bucket":"High",
    "manufacturing_date":"2022-03-01T00:00:00.000",
    "selling_date":"2022-05-25T00:00:00.000"
  },
  {
    "name":"Red Tape Casual Sneakers",
    "type":"Peanut Butter",
    "total_produced":16590,
    "total_sold":9262,
    "damaged":3105,
    "month":"September",
    "year":2018,
    "edition":"Limited",
    "price":35,
    "gender":"Women",
    "sell_through_rate":55.8288125377,
    "damage_rate":18.7160940325,
    "unsold_inventory":4223,
    "estimated_revenue":324170,
    "quarter":"Q3",
    "date":"2018-09-01T00:00:00.000",
    "is_limited_edition":1,
    "price_bucket":"Low",
    "manufacturing_date":"2018-09-01T00:00:00.000",
    "selling_date":"2018-09-24T00:00:00.000"
  },
  {
    "name":"Nike Court Vision Low Shoes",
    "type":"White Chocolate",
    "total_produced":59692,
    "total_sold":23235,
    "damaged":27627,
    "month":"October",
    "year":2017,
    "edition":"Standard",
    "price":80,
    "gender":"Men",
    "sell_through_rate":38.9248140454,
    "damage_rate":46.2825839308,
    "unsold_inventory":8830,
    "estimated_revenue":1858800,
    "quarter":"Q4",
    "date":"2017-10-01T00:00:00.000",
    "is_limited_edition":0,
    "price_bucket":"Mid",
    "manufacturing_date":"2017-10-01T00:00:00.000",
    "selling_date":"2017-10-16T00:00:00.000"
  },
  {
    "name":"Puma Smash V2 Sneakers",
    "type":"Almond",
    "total_produced":39389,
    "total_sold":9496,
    "damaged":25599,
    "month":"April",
    "year":2022,
    "edition":"Standard",
    "price":65,
    "gender":"Men",
    "sell_through_rate":24.1082535733,
    "damage_rate":64.9902256975,
    "unsold_inventory":4294,
    "estimated_revenue":617240,
    "quarter":"Q2",
    "date":"2022-04-01T00:00:00.000",
    "is_limited_edition":0,
    "price_bucket":"Mid",
    "manufacturing_date":"2022-04-01T00:00:00.000",
    "selling_date":"2022-04-23T00:00:00.000"
  },
  {
    "name":"Converse Chuck Taylor All Star",
    "type":"Peanut Butter",
    "total_produced":12671,
    "total_sold":10089,
    "damaged":624,
    "month":"September",
    "year":2017,
    "edition":"Limited",
    "price":60,
    "gender":"Men",
    "sell_through_rate":79.6227606345,
    "damage_rate":4.9246310473,
    "unsold_inventory":1958,
    "estimated_revenue":605340,
    "quarter":"Q3",
    "date":"2017-09-01T00:00:00.000",
    "is_limited_edition":1,
    "price_bucket":"Mid",
    "manufacturing_date":"2017-09-01T00:00:00.000",
    "selling_date":"2017-11-17T00:00:00.000"
  },
  {
    "name":"New Balance 574 Core",
    "type":"Brownie",
    "total_produced":38569,
    "total_sold":35476,
    "damaged":2865,
    "month":"November",
    "year":2017,
    "edition":"Holiday",
    "price":90,
    "gender":"Men",
    "sell_through_rate":91.9806061863,
    "damage_rate":7.4282454821,
    "unsold_inventory":228,
    "estimated_revenue":3192840,
    "quarter":"Q4",
    "date":"2017-11-01T00:00:00.000",
    "is_limited_edition":0,
    "price_bucket":"Mid",
    "manufacturing_date":"2017-11-01T00:00:00.000",
    "selling_date":"2017-11-26T00:00:00.000"
  },
  {
    "name":"Reebok Classic Leather",
    "type":"White Chocolate",
    "total_produced":31465,
    "total_sold":15192,
    "damaged":1771,
    "month":"June",
    "year":2021,
    "edition":"Standard",
    "price":85,
    "gender":"Women",
    "sell_through_rate":48.2822183378,
    "damage_rate":5.6284760845,
    "unsold_inventory":14502,
    "estimated_revenue":1291320,
    "quarter":"Q2",
    "date":"2021-06-01T00:00:00.000",
    "is_limited_edition":0,
    "price_bucket":"Mid",
    "manufacturing_date":"2021-06-01T00:00:00.000",
    "selling_date":"2021-06-23T00:00:00.000"
  },
  {
    "name":"Under Armour Charged Assert 9",
    "type":"Crisper",
    "total_produced":35995,
    "total_sold":7490,
    "damaged":19401,
    "month":"September",
    "year":2022,
    "edition":"Limited",
    "price":75,
    "gender":"Women",
    "sell_through_rate":20.8084456174,
    "damage_rate":53.8991526601,
    "unsold_inventory":9104,
    "estimated_revenue":561750,
    "quarter":"Q3",
    "date":"2022-09-01T00:00:00.000",
    "is_limited_edition":1,
    "price_bucket":"Mid",
    "manufacturing_date":"2022-09-01T00:00:00.000",
    "selling_date":"2022-10-20T00:00:00.000"
  },
  {
    "name":"Fila Disruptor II Premium",
    "type":"White Chocolate",
    "total_produced":99687,
    "total_sold":83697,
    "damaged":13197,
    "month":"May",
    "year":2016,
    "edition":"Special Release",
    "price":70,
    "gender":"Women",
    "sell_through_rate":83.9597941557,
    "damage_rate":13.2384363056,
    "unsold_inventory":2793,
    "estimated_revenue":5858790,
    "quarter":"Q2",
    "date":"2016-05-01T00:00:00.000",
    "is_limited_edition":1,
    "price_bucket":"Mid",
    "manufacturing_date":"2016-05-01T00:00:00.000",
    "selling_date":"2016-06-19T00:00:00.000"
  },
  {
    "name":"ASICS Gel-Quantum 90",
    "type":"Brownie",
    "total_produced":66148,
    "total_sold":48353,
    "damaged":12142,
    "month":"October",
    "year":2015,
    "edition":"Special Release",
    "price":100,
    "gender":"Men",
    "sell_through_rate":73.0982040273,
    "damage_rate":18.3558081877,
    "unsold_inventory":5653,
    "estimated_revenue":4835300,
    "quarter":"Q4",
    "date":"2015-10-01T00:00:00.000",
    "is_limited_edition":1,
    "price_bucket":"Mid",
    "manufacturing_date":"2015-10-01T00:00:00.000",
    "selling_date":"2015-11-17T00:00:00.000"
  },
  {
    "name":"Skechers D'Lites",
    "type":"White Chocolate",
    "total_produced":65057,
    "total_sold":58892,
    "damaged":4015,
    "month":"March",
    "year":2016,
    "edition":"Anniversary",
    "price":75,
    "gender":"Women",
    "sell_through_rate":90.5236946063,
    "damage_rate":6.1715111364,
    "unsold_inventory":2150,
    "estimated_revenue":4416900,
    "quarter":"Q1",
    "date":"2016-03-01T00:00:00.000",
    "is_limited_edition":0,
    "price_bucket":"Mid",
    "manufacturing_date":"2016-03-01T00:00:00.000",
    "selling_date":"2016-03-20T00:00:00.000"
  },
  {
    "name":"Vans Old Skool",
    "type":"Creamy",
    "total_produced":30052,
    "total_sold":19270,
    "damaged":2885,
    "month":"March",
    "year":2023,
    "edition":"Special Release",
    "price":70,
    "gender":"Women",
    "sell_through_rate":64.1221882071,
    "damage_rate":9.6000266205,
    "unsold_inventory":7897,
    "estimated_revenue":1348900,
    "quarter":"Q1",
    "date":"2023-03-01T00:00:00.000",
    "is_limited_edition":1,
    "price_bucket":"Mid",
    "manufacturing_date":"2023-03-01T00:00:00.000",
    "selling_date":"2023-04-25T00:00:00.000"
  },
  {
    "name":"Onitsuka Tiger Mexico 66",
    "type":"Brownie",
    "total_produced":80539,
    "total_sold":68372,
    "damaged":7616,
    "month":"November",
    "year":2019,
    "edition":"Special Release",
    "price":100,
    "gender":"Men",
    "sell_through_rate":84.8930331889,
    "damage_rate":9.4562882579,
    "unsold_inventory":4551,
    "estimated_revenue":6837200,
    "quarter":"Q4",
    "date":"2019-11-01T00:00:00.000",
    "is_limited_edition":1,
    "price_bucket":"Mid",
    "manufacturing_date":"2019-11-01T00:00:00.000",
    "selling_date":"2019-12-13T00:00:00.000"
  },
  {
    "name":"Lacoste Carnaby Evo",
    "type":"White Chocolate",
    "total_produced":21359,
    "total_sold":9569,
    "damaged":7385,
    "month":"September",
    "year":2017,
    "edition":"Anniversary",
    "price":95,
    "gender":"Women",
    "sell_through_rate":44.8007865537,
    "damage_rate":34.5755887448,
    "unsold_inventory":4405,
    "estimated_revenue":909055,
    "quarter":"Q3",
    "date":"2017-09-01T00:00:00.000",
    "is_limited_edition":0,
    "price_bucket":"Mid",
    "manufacturing_date":"2017-09-01T00:00:00.000",
    "selling_date":"2017-09-22T00:00:00.000"
  },
  {
    "name":"Superga 2750 Cotu Classic",
    "type":"Almond",
    "total_produced":13761,
    "total_sold":13098,
    "damaged":332,
    "month":"January",
    "year":2017,
    "edition":"Anniversary",
    "price":65,
    "gender":"Women",
    "sell_through_rate":95.1820361892,
    "damage_rate":2.4126153623,
    "unsold_inventory":331,
    "estimated_revenue":851370,
    "quarter":"Q1",
    "date":"2017-01-01T00:00:00.000",
    "is_limited_edition":0,
    "price_bucket":"Mid",
    "manufacturing_date":"2017-01-01T00:00:00.000",
    "selling_date":"2017-03-29T00:00:00.000"
  },
  {
    "name":"Hoka One One Clifton 8",
    "type":"Almond",
    "total_produced":46655,
    "total_sold":44069,
    "damaged":1131,
    "month":"March",
    "year":2021,
    "edition":"Standard",
    "price":140,
    "gender":"Men",
    "sell_through_rate":94.457185725,
    "damage_rate":2.4241774729,
    "unsold_inventory":1455,
    "estimated_revenue":6169660,
    "quarter":"Q1",
    "date":"2021-03-01T00:00:00.000",
    "is_limited_edition":0,
    "price_bucket":"High",
    "manufacturing_date":"2021-03-01T00:00:00.000",
    "selling_date":"2021-05-26T00:00:00.000"
  },
  {
    "name":"Saucony Jazz Original",
    "type":"Classic",
    "total_produced":41635,
    "total_sold":31635,
    "damaged":8004,
    "month":"March",
    "year":2021,
    "edition":"Limited",
    "price":80,
    "gender":"Women",
    "sell_through_rate":75.9817461271,
    "damage_rate":19.2242103999,
    "unsold_inventory":1996,
    "estimated_revenue":2530800,
    "quarter":"Q1",
    "date":"2021-03-01T00:00:00.000",
    "is_limited_edition":1,
    "price_bucket":"Mid",
    "manufacturing_date":"2021-03-01T00:00:00.000",
    "selling_date":"2021-03-27T00:00:00.000"
  },
  {
    "name":"Columbia Trailstorm Waterproof",
    "type":"Crisper",
    "total_produced":12260,
    "total_sold":5762,
    "damaged":2410,
    "month":"June",
    "year":2017,
    "edition":"Anniversary",
    "price":110,
    "gender":"Women",
    "sell_through_rate":46.9983686786,
    "damage_rate":19.6574225122,
    "unsold_inventory":4088,
    "estimated_revenue":633820,
    "quarter":"Q2",
    "date":"2017-06-01T00:00:00.000",
    "is_limited_edition":0,
    "price_bucket":"High",
    "manufacturing_date":"2017-06-01T00:00:00.000",
    "selling_date":"2017-07-19T00:00:00.000"
  },
  {
    "name":"Nike Air Force 1 '07 Sneakers",
    "type":"Creamy",
    "total_produced":86225,
    "total_sold":53368,
    "damaged":31015,
    "month":"March",
    "year":2021,
    "edition":"Special Release",
    "price":115,
    "gender":"Women",
    "sell_through_rate":61.8938822847,
    "damage_rate":35.9698463323,
    "unsold_inventory":1842,
    "estimated_revenue":6137320,
    "quarter":"Q1",
    "date":"2021-03-01T00:00:00.000",
    "is_limited_edition":1,
    "price_bucket":"High",
    "manufacturing_date":"2021-03-01T00:00:00.000",
    "selling_date":"2021-04-17T00:00:00.000"
  },
  {
    "name":"Adidas Originals Samba OG Shoes",
    "type":"Almond",
    "total_produced":69473,
    "total_sold":22754,
    "damaged":20094,
    "month":"October",
    "year":2017,
    "edition":"Limited",
    "price":100,
    "gender":"Men",
    "sell_through_rate":32.7522922574,
    "damage_rate":28.9234666705,
    "unsold_inventory":26625,
    "estimated_revenue":2275400,
    "quarter":"Q4",
    "date":"2017-10-01T00:00:00.000",
    "is_limited_edition":1,
    "price_bucket":"Mid",
    "manufacturing_date":"2017-10-01T00:00:00.000",
    "selling_date":"2017-12-02T00:00:00.000"
  },
  {
    "name":"Air Jordan 1 Mid Shoes",
    "type":"Almond",
    "total_produced":25670,
    "total_sold":22559,
    "damaged":2826,
    "month":"January",
    "year":2017,
    "edition":"Limited",
    "price":110,
    "gender":"Women",
    "sell_through_rate":87.880794702,
    "damage_rate":11.0089598753,
    "unsold_inventory":285,
    "estimated_revenue":2481490,
    "quarter":"Q1",
    "date":"2017-01-01T00:00:00.000",
    "is_limited_edition":1,
    "price_bucket":"High",
    "manufacturing_date":"2017-01-01T00:00:00.000",
    "selling_date":"2017-02-07T00:00:00.000"
  },
  {
    "name":"Red Tape Casual Sneakers",
    "type":"Almond",
    "total_produced":87278,
    "total_sold":73765,
    "damaged":9777,
    "month":"March",
    "year":2018,
    "edition":"Standard",
    "price":35,
    "gender":"Women",
    "sell_through_rate":84.5172895804,
    "damage_rate":11.2021357043,
    "unsold_inventory":3736,
    "estimated_revenue":2581775,
    "quarter":"Q1",
    "date":"2018-03-01T00:00:00.000",
    "is_limited_edition":0,
    "price_bucket":"Low",
    "manufacturing_date":"2018-03-01T00:00:00.000",
    "selling_date":"2018-05-16T00:00:00.000"
  },
  {
    "name":"Nike Court Vision Low Shoes",
    "type":"Peanut Butter",
    "total_produced":57301,
    "total_sold":16759,
    "damaged":19809,
    "month":"February",
    "year":2015,
    "edition":"Special Release",
    "price":80,
    "gender":"Men",
    "sell_through_rate":29.2473080749,
    "damage_rate":34.570077311,
    "unsold_inventory":20733,
    "estimated_revenue":1340720,
    "quarter":"Q1",
    "date":"2015-02-01T00:00:00.000",
    "is_limited_edition":1,
    "price_bucket":"Mid",
    "manufacturing_date":"2015-02-01T00:00:00.000",
    "selling_date":"2015-03-24T00:00:00.000"
  },
  {
    "name":"Puma Smash V2 Sneakers",
    "type":"Classic",
    "total_produced":82529,
    "total_sold":43290,
    "damaged":8275,
    "month":"February",
    "year":2022,
    "edition":"Anniversary",
    "price":65,
    "gender":"Men",
    "sell_through_rate":52.4542887955,
    "damage_rate":10.0267784658,
    "unsold_inventory":30964,
    "estimated_revenue":2813850,
    "quarter":"Q1",
    "date":"2022-02-01T00:00:00.000",
    "is_limited_edition":0,
    "price_bucket":"Mid",
    "manufacturing_date":"2022-02-01T00:00:00.000",
    "selling_date":"2022-03-31T00:00:00.000"
  },
  {
    "name":"Converse Chuck Taylor All Star",
    "type":"Brownie",
    "total_produced":47268,
    "total_sold":35762,
    "damaged":7843,
    "month":"December",
    "year":2019,
    "edition":"Holiday",
    "price":60,
    "gender":"Men",
    "sell_through_rate":75.6579504104,
    "damage_rate":16.5926208005,
    "unsold_inventory":3663,
    "estimated_revenue":2145720,
    "quarter":"Q4",
    "date":"2019-12-01T00:00:00.000",
    "is_limited_edition":0,
    "price_bucket":"Mid",
    "manufacturing_date":"2019-12-01T00:00:00.000",
    "selling_date":"2020-01-19T00:00:00.000"
  },
  {
    "name":"New Balance 574 Core",
    "type":"Almond",
    "total_produced":72616,
    "total_sold":19953,
    "damaged":4282,
    "month":"June",
    "year":2019,
    "edition":"Anniversary",
    "price":90,
    "gender":"Men",
    "sell_through_rate":27.4774154456,
    "damage_rate":5.8967720613,
    "unsold_inventory":48381,
    "estimated_revenue":1795770,
    "quarter":"Q2",
    "date":"2019-06-01T00:00:00.000",
    "is_limited_edition":0,
    "price_bucket":"Mid",
    "manufacturing_date":"2019-06-01T00:00:00.000",
    "selling_date":"2019-08-19T00:00:00.000"
  },
  {
    "name":"Reebok Classic Leather",
    "type":"Peanut Butter",
    "total_produced":29555,
    "total_sold":23443,
    "damaged":2489,
    "month":"December",
    "year":2015,
    "edition":"Limited",
    "price":85,
    "gender":"Women",
    "sell_through_rate":79.3199120284,
    "damage_rate":8.4215868719,
    "unsold_inventory":3623,
    "estimated_revenue":1992655,
    "quarter":"Q4",
    "date":"2015-12-01T00:00:00.000",
    "is_limited_edition":1,
    "price_bucket":"Mid",
    "manufacturing_date":"2015-12-01T00:00:00.000",
    "selling_date":"2016-01-31T00:00:00.000"
  },
  {
    "name":"Under Armour Charged Assert 9",
    "type":"Brownie",
    "total_produced":88135,
    "total_sold":86057,
    "damaged":924,
    "month":"September",
    "year":2023,
    "edition":"Special Release",
    "price":75,
    "gender":"Women",
    "sell_through_rate":97.6422533613,
    "damage_rate":1.0483916719,
    "unsold_inventory":1154,
    "estimated_revenue":6454275,
    "quarter":"Q3",
    "date":"2023-09-01T00:00:00.000",
    "is_limited_edition":1,
    "price_bucket":"Mid",
    "manufacturing_date":"2023-09-01T00:00:00.000",
    "selling_date":"2023-09-18T00:00:00.000"
  },
  {
    "name":"Fila Disruptor II Premium",
    "type":"Almond",
    "total_produced":87139,
    "total_sold":61207,
    "damaged":10006,
    "month":"May",
    "year":2021,
    "edition":"Special Release",
    "price":70,
    "gender":"Men",
    "sell_through_rate":70.240649996,
    "damage_rate":11.4828033372,
    "unsold_inventory":15926,
    "estimated_revenue":4284490,
    "quarter":"Q2",
    "date":"2021-05-01T00:00:00.000",
    "is_limited_edition":1,
    "price_bucket":"Mid",
    "manufacturing_date":"2021-05-01T00:00:00.000",
    "selling_date":"2021-05-16T00:00:00.000"
  },
  {
    "name":"ASICS Gel-Quantum 90",
    "type":"White Chocolate",
    "total_produced":37235,
    "total_sold":25496,
    "damaged":3457,
    "month":"December",
    "year":2017,
    "edition":"Standard",
    "price":100,
    "gender":"Men",
    "sell_through_rate":68.4732106889,
    "damage_rate":9.2842755472,
    "unsold_inventory":8282,
    "estimated_revenue":2549600,
    "quarter":"Q4",
    "date":"2017-12-01T00:00:00.000",
    "is_limited_edition":0,
    "price_bucket":"Mid",
    "manufacturing_date":"2017-12-01T00:00:00.000",
    "selling_date":"2017-12-20T00:00:00.000"
  },
  {
    "name":"Skechers D'Lites",
    "type":"Brownie",
    "total_produced":19838,
    "total_sold":7564,
    "damaged":43,
    "month":"August",
    "year":2019,
    "edition":"Anniversary",
    "price":75,
    "gender":"Women",
    "sell_through_rate":38.1288436334,
    "damage_rate":0.2167557213,
    "unsold_inventory":12231,
    "estimated_revenue":567300,
    "quarter":"Q3",
    "date":"2019-08-01T00:00:00.000",
    "is_limited_edition":0,
    "price_bucket":"Mid",
    "manufacturing_date":"2019-08-01T00:00:00.000",
    "selling_date":"2019-08-29T00:00:00.000"
  },
  {
    "name":"Vans Old Skool",
    "type":"Almond",
    "total_produced":14278,
    "total_sold":8792,
    "damaged":2360,
    "month":"December",
    "year":2022,
    "edition":"Holiday",
    "price":70,
    "gender":"Women",
    "sell_through_rate":61.5772517159,
    "damage_rate":16.5289256198,
    "unsold_inventory":3126,
    "estimated_revenue":615440,
    "quarter":"Q4",
    "date":"2022-12-01T00:00:00.000",
    "is_limited_edition":0,
    "price_bucket":"Mid",
    "manufacturing_date":"2022-12-01T00:00:00.000",
    "selling_date":"2023-01-11T00:00:00.000"
  },
  {
    "name":"Onitsuka Tiger Mexico 66",
    "type":"Classic",
    "total_produced":40595,
    "total_sold":22337,
    "damaged":6482,
    "month":"October",
    "year":2019,
    "edition":"Standard",
    "price":100,
    "gender":"Men",
    "sell_through_rate":55.0240177362,
    "damage_rate":15.9674836803,
    "unsold_inventory":11776,
    "estimated_revenue":2233700,
    "quarter":"Q4",
    "date":"2019-10-01T00:00:00.000",
    "is_limited_edition":0,
    "price_bucket":"Mid",
    "manufacturing_date":"2019-10-01T00:00:00.000",
    "selling_date":"2019-10-24T00:00:00.000"
  },
  {
    "name":"Lacoste Carnaby Evo",
    "type":"Almond",
    "total_produced":28643,
    "total_sold":7339,
    "damaged":1954,
    "month":"November",
    "year":2016,
    "edition":"Holiday",
    "price":95,
    "gender":"Women",
    "sell_through_rate":25.6223160982,
    "damage_rate":6.8219111127,
    "unsold_inventory":19350,
    "estimated_revenue":697205,
    "quarter":"Q4",
    "date":"2016-11-01T00:00:00.000",
    "is_limited_edition":0,
    "price_bucket":"Mid",
    "manufacturing_date":"2016-11-01T00:00:00.000",
    "selling_date":"2016-11-30T00:00:00.000"
  },
  {
    "name":"Superga 2750 Cotu Classic",
    "type":"Crisper",
    "total_produced":26299,
    "total_sold":20358,
    "damaged":5641,
    "month":"May",
    "year":2018,
    "edition":"Anniversary",
    "price":65,
    "gender":"Women",
    "sell_through_rate":77.4097874444,
    "damage_rate":21.4494847713,
    "unsold_inventory":300,
    "estimated_revenue":1323270,
    "quarter":"Q2",
    "date":"2018-05-01T00:00:00.000",
    "is_limited_edition":0,
    "price_bucket":"Mid",
    "manufacturing_date":"2018-05-01T00:00:00.000",
    "selling_date":"2018-06-26T00:00:00.000"
  },
  {
    "name":"Hoka One One Clifton 8",
    "type":"Crisper",
    "total_produced":20543,
    "total_sold":14798,
    "damaged":326,
    "month":"December",
    "year":2024,
    "edition":"Anniversary",
    "price":140,
    "gender":"Women",
    "sell_through_rate":72.0342695809,
    "damage_rate":1.5869152509,
    "unsold_inventory":5419,
    "estimated_revenue":2071720,
    "quarter":"Q4",
    "date":"2024-12-01T00:00:00.000",
    "is_limited_edition":0,
    "price_bucket":"High",
    "manufacturing_date":"2024-12-01T00:00:00.000",
    "selling_date":"2025-02-04T00:00:00.000"
  },
  {
    "name":"Saucony Jazz Original",
    "type":"Classic",
    "total_produced":21970,
    "total_sold":12501,
    "damaged":9424,
    "month":"August",
    "year":2021,
    "edition":"Standard",
    "price":80,
    "gender":"Women",
    "sell_through_rate":56.9003186163,
    "damage_rate":42.8948566227,
    "unsold_inventory":45,
    "estimated_revenue":1000080,
    "quarter":"Q3",
    "date":"2021-08-01T00:00:00.000",
    "is_limited_edition":0,
    "price_bucket":"Mid",
    "manufacturing_date":"2021-08-01T00:00:00.000",
    "selling_date":"2021-10-17T00:00:00.000"
  },
  {
    "name":"Columbia Trailstorm Waterproof",
    "type":"Brownie",
    "total_produced":15273,
    "total_sold":7870,
    "damaged":3854,
    "month":"October",
    "year":2020,
    "edition":"Anniversary",
    "price":110,
    "gender":"Men",
    "sell_through_rate":51.5288417469,
    "damage_rate":25.2340732011,
    "unsold_inventory":3549,
    "estimated_revenue":865700,
    "quarter":"Q4",
    "date":"2020-10-01T00:00:00.000",
    "is_limited_edition":0,
    "price_bucket":"High",
    "manufacturing_date":"2020-10-01T00:00:00.000",
    "selling_date":"2020-12-06T00:00:00.000"
  },
  {
    "name":"Nike Air Force 1 '07 Sneakers",
    "type":"Brownie",
    "total_produced":67132,
    "total_sold":46601,
    "damaged":16112,
    "month":"January",
    "year":2016,
    "edition":"Anniversary",
    "price":115,
    "gender":"Women",
    "sell_through_rate":69.4169695525,
    "damage_rate":24.0004766728,
    "unsold_inventory":4419,
    "estimated_revenue":5359115,
    "quarter":"Q1",
    "date":"2016-01-01T00:00:00.000",
    "is_limited_edition":0,
    "price_bucket":"High",
    "manufacturing_date":"2016-01-01T00:00:00.000",
    "selling_date":"2016-01-19T00:00:00.000"
  },
  {
    "name":"Adidas Originals Samba OG Shoes",
    "type":"Almond",
    "total_produced":97835,
    "total_sold":18710,
    "damaged":21079,
    "month":"September",
    "year":2018,
    "edition":"Anniversary",
    "price":100,
    "gender":"Women",
    "sell_through_rate":19.1240353657,
    "damage_rate":21.5454591915,
    "unsold_inventory":58046,
    "estimated_revenue":1871000,
    "quarter":"Q3",
    "date":"2018-09-01T00:00:00.000",
    "is_limited_edition":0,
    "price_bucket":"Mid",
    "manufacturing_date":"2018-09-01T00:00:00.000",
    "selling_date":"2018-10-08T00:00:00.000"
  },
  {
    "name":"Air Jordan 1 Mid Shoes",
    "type":"Creamy",
    "total_produced":62488,
    "total_sold":58317,
    "damaged":300,
    "month":"February",
    "year":2020,
    "edition":"Standard",
    "price":110,
    "gender":"Women",
    "sell_through_rate":93.3251184227,
    "damage_rate":0.4800921777,
    "unsold_inventory":3871,
    "estimated_revenue":6414870,
    "quarter":"Q1",
    "date":"2020-02-01T00:00:00.000",
    "is_limited_edition":0,
    "price_bucket":"High",
    "manufacturing_date":"2020-02-01T00:00:00.000",
    "selling_date":"2020-03-01T00:00:00.000"
  },
  {
    "name":"Red Tape Casual Sneakers",
    "type":"Classic",
    "total_produced":62976,
    "total_sold":61682,
    "damaged":1053,
    "month":"April",
    "year":2024,
    "edition":"Standard",
    "price":35,
    "gender":"Women",
    "sell_through_rate":97.9452489837,
    "damage_rate":1.6720655488,
    "unsold_inventory":241,
    "estimated_revenue":2158870,
    "quarter":"Q2",
    "date":"2024-04-01T00:00:00.000",
    "is_limited_edition":0,
    "price_bucket":"Low",
    "manufacturing_date":"2024-04-01T00:00:00.000",
    "selling_date":"2024-05-28T00:00:00.000"
  },
  {
    "name":"Nike Court Vision Low Shoes",
    "type":"Crisper",
    "total_produced":17104,
    "total_sold":8073,
    "damaged":8494,
    "month":"January",
    "year":2019,
    "edition":"Special Release",
    "price":80,
    "gender":"Women",
    "sell_through_rate":47.1994855005,
    "damage_rate":49.6608980355,
    "unsold_inventory":537,
    "estimated_revenue":645840,
    "quarter":"Q1",
    "date":"2019-01-01T00:00:00.000",
    "is_limited_edition":1,
    "price_bucket":"Mid",
    "manufacturing_date":"2019-01-01T00:00:00.000",
    "selling_date":"2019-02-13T00:00:00.000"
  },
  {
    "name":"Puma Smash V2 Sneakers",
    "type":"White Chocolate",
    "total_produced":16764,
    "total_sold":8335,
    "damaged":4375,
    "month":"February",
    "year":2021,
    "edition":"Limited",
    "price":65,
    "gender":"Women",
    "sell_through_rate":49.7196373181,
    "damage_rate":26.097590074,
    "unsold_inventory":4054,
    "estimated_revenue":541775,
    "quarter":"Q1",
    "date":"2021-02-01T00:00:00.000",
    "is_limited_edition":1,
    "price_bucket":"Mid",
    "manufacturing_date":"2021-02-01T00:00:00.000",
    "selling_date":"2021-03-23T00:00:00.000"
  },
  {
    "name":"Converse Chuck Taylor All Star",
    "type":"Creamy",
    "total_produced":73532,
    "total_sold":20915,
    "damaged":1891,
    "month":"January",
    "year":2022,
    "edition":"Special Release",
    "price":60,
    "gender":"Men",
    "sell_through_rate":28.4433987924,
    "damage_rate":2.5716694772,
    "unsold_inventory":50726,
    "estimated_revenue":1254900,
    "quarter":"Q1",
    "date":"2022-01-01T00:00:00.000",
    "is_limited_edition":1,
    "price_bucket":"Mid",
    "manufacturing_date":"2022-01-01T00:00:00.000",
    "selling_date":"2022-01-28T00:00:00.000"
  },
  {
    "name":"New Balance 574 Core",
    "type":"Almond",
    "total_produced":82199,
    "total_sold":6792,
    "damaged":72384,
    "month":"July",
    "year":2019,
    "edition":"Standard",
    "price":90,
    "gender":"Men",
    "sell_through_rate":8.2628742442,
    "damage_rate":88.0594654436,
    "unsold_inventory":3023,
    "estimated_revenue":611280,
    "quarter":"Q3",
    "date":"2019-07-01T00:00:00.000",
    "is_limited_edition":0,
    "price_bucket":"Mid",
    "manufacturing_date":"2019-07-01T00:00:00.000",
    "selling_date":"2019-08-16T00:00:00.000"
  },
  {
    "name":"Reebok Classic Leather",
    "type":"Crisper",
    "total_produced":25396,
    "total_sold":10045,
    "damaged":8165,
    "month":"January",
    "year":2023,
    "edition":"Holiday",
    "price":85,
    "gender":"Women",
    "sell_through_rate":39.5534729879,
    "damage_rate":32.1507323988,
    "unsold_inventory":7186,
    "estimated_revenue":853825,
    "quarter":"Q1",
    "date":"2023-01-01T00:00:00.000",
    "is_limited_edition":0,
    "price_bucket":"Mid",
    "manufacturing_date":"2023-01-01T00:00:00.000",
    "selling_date":"2023-03-27T00:00:00.000"
  },
  {
    "name":"Under Armour Charged Assert 9",
    "type":"Crisper",
    "total_produced":73242,
    "total_sold":66894,
    "damaged":1996,
    "month":"February",
    "year":2020,
    "edition":"Special Release",
    "price":75,
    "gender":"Men",
    "sell_through_rate":91.3328418121,
    "damage_rate":2.7252123099,
    "unsold_inventory":4352,
    "estimated_revenue":5017050,
    "quarter":"Q1",
    "date":"2020-02-01T00:00:00.000",
    "is_limited_edition":1,
    "price_bucket":"Mid",
    "manufacturing_date":"2020-02-01T00:00:00.000",
    "selling_date":"2020-04-14T00:00:00.000"
  },
  {
    "name":"Fila Disruptor II Premium",
    "type":"Brownie",
    "total_produced":76616,
    "total_sold":22892,
    "damaged":4575,
    "month":"February",
    "year":2018,
    "edition":"Anniversary",
    "price":70,
    "gender":"Women",
    "sell_through_rate":29.8788764749,
    "damage_rate":5.9713375796,
    "unsold_inventory":49149,
    "estimated_revenue":1602440,
    "quarter":"Q1",
    "date":"2018-02-01T00:00:00.000",
    "is_limited_edition":0,
    "price_bucket":"Mid",
    "manufacturing_date":"2018-02-01T00:00:00.000",
    "selling_date":"2018-03-15T00:00:00.000"
  },
  {
    "name":"ASICS Gel-Quantum 90",
    "type":"White Chocolate",
    "total_produced":10336,
    "total_sold":7317,
    "damaged":2973,
    "month":"May",
    "year":2018,
    "edition":"Special Release",
    "price":100,
    "gender":"Women",
    "sell_through_rate":70.7914086687,
    "damage_rate":28.7635448916,
    "unsold_inventory":46,
    "estimated_revenue":731700,
    "quarter":"Q2",
    "date":"2018-05-01T00:00:00.000",
    "is_limited_edition":1,
    "price_bucket":"Mid",
    "manufacturing_date":"2018-05-01T00:00:00.000",
    "selling_date":"2018-07-20T00:00:00.000"
  },
  {
    "name":"Skechers D'Lites",
    "type":"White Chocolate",
    "total_produced":29476,
    "total_sold":19632,
    "damaged":8824,
    "month":"June",
    "year":2020,
    "edition":"Holiday",
    "price":75,
    "gender":"Women",
    "sell_through_rate":66.6033383091,
    "damage_rate":29.9362192971,
    "unsold_inventory":1020,
    "estimated_revenue":1472400,
    "quarter":"Q2",
    "date":"2020-06-01T00:00:00.000",
    "is_limited_edition":0,
    "price_bucket":"Mid",
    "manufacturing_date":"2020-06-01T00:00:00.000",
    "selling_date":"2020-07-27T00:00:00.000"
  },
  {
    "name":"Vans Old Skool",
    "type":"Crisper",
    "total_produced":52176,
    "total_sold":17363,
    "damaged":15650,
    "month":"May",
    "year":2021,
    "edition":"Anniversary",
    "price":70,
    "gender":"Women",
    "sell_through_rate":33.2777522232,
    "damage_rate":29.994633548,
    "unsold_inventory":19163,
    "estimated_revenue":1215410,
    "quarter":"Q2",
    "date":"2021-05-01T00:00:00.000",
    "is_limited_edition":0,
    "price_bucket":"Mid",
    "manufacturing_date":"2021-05-01T00:00:00.000",
    "selling_date":"2021-06-29T00:00:00.000"
  },
  {
    "name":"Onitsuka Tiger Mexico 66",
    "type":"Classic",
    "total_produced":51704,
    "total_sold":35996,
    "damaged":11554,
    "month":"February",
    "year":2024,
    "edition":"Anniversary",
    "price":100,
    "gender":"Men",
    "sell_through_rate":69.6193718088,
    "damage_rate":22.3464335448,
    "unsold_inventory":4154,
    "estimated_revenue":3599600,
    "quarter":"Q1",
    "date":"2024-02-01T00:00:00.000",
    "is_limited_edition":0,
    "price_bucket":"Mid",
    "manufacturing_date":"2024-02-01T00:00:00.000",
    "selling_date":"2024-04-17T00:00:00.000"
  },
  {
    "name":"Lacoste Carnaby Evo",
    "type":"Crisper",
    "total_produced":14852,
    "total_sold":7068,
    "damaged":4114,
    "month":"August",
    "year":2021,
    "edition":"Holiday",
    "price":95,
    "gender":"Women",
    "sell_through_rate":47.5895502289,
    "damage_rate":27.6999730676,
    "unsold_inventory":3670,
    "estimated_revenue":671460,
    "quarter":"Q3",
    "date":"2021-08-01T00:00:00.000",
    "is_limited_edition":0,
    "price_bucket":"Mid",
    "manufacturing_date":"2021-08-01T00:00:00.000",
    "selling_date":"2021-10-11T00:00:00.000"
  },
  {
    "name":"Superga 2750 Cotu Classic",
    "type":"Classic",
    "total_produced":78937,
    "total_sold":64890,
    "damaged":251,
    "month":"February",
    "year":2023,
    "edition":"Limited",
    "price":65,
    "gender":"Men",
    "sell_through_rate":82.2047962299,
    "damage_rate":0.3179750941,
    "unsold_inventory":13796,
    "estimated_revenue":4217850,
    "quarter":"Q1",
    "date":"2023-02-01T00:00:00.000",
    "is_limited_edition":1,
    "price_bucket":"Mid",
    "manufacturing_date":"2023-02-01T00:00:00.000",
    "selling_date":"2023-02-21T00:00:00.000"
  },
  {
    "name":"Hoka One One Clifton 8",
    "type":"Classic",
    "total_produced":71537,
    "total_sold":39737,
    "damaged":11093,
    "month":"December",
    "year":2021,
    "edition":"Anniversary",
    "price":140,
    "gender":"Women",
    "sell_through_rate":55.547478927,
    "damage_rate":15.5066608888,
    "unsold_inventory":20707,
    "estimated_revenue":5563180,
    "quarter":"Q4",
    "date":"2021-12-01T00:00:00.000",
    "is_limited_edition":0,
    "price_bucket":"High",
    "manufacturing_date":"2021-12-01T00:00:00.000",
    "selling_date":"2022-01-12T00:00:00.000"
  },
  {
    "name":"Saucony Jazz Original",
    "type":"White Chocolate",
    "total_produced":98389,
    "total_sold":74942,
    "damaged":12452,
    "month":"July",
    "year":2018,
    "edition":"Anniversary",
    "price":80,
    "gender":"Men",
    "sell_through_rate":76.1690839423,
    "damage_rate":12.6558863288,
    "unsold_inventory":10995,
    "estimated_revenue":5995360,
    "quarter":"Q3",
    "date":"2018-07-01T00:00:00.000",
    "is_limited_edition":0,
    "price_bucket":"Mid",
    "manufacturing_date":"2018-07-01T00:00:00.000",
    "selling_date":"2018-08-12T00:00:00.000"
  },
  {
    "name":"Columbia Trailstorm Waterproof",
    "type":"Brownie",
    "total_produced":18968,
    "total_sold":8846,
    "damaged":4708,
    "month":"July",
    "year":2017,
    "edition":"Standard",
    "price":110,
    "gender":"Men",
    "sell_through_rate":46.6364403205,
    "damage_rate":24.8207507381,
    "unsold_inventory":5414,
    "estimated_revenue":973060,
    "quarter":"Q3",
    "date":"2017-07-01T00:00:00.000",
    "is_limited_edition":0,
    "price_bucket":"High",
    "manufacturing_date":"2017-07-01T00:00:00.000",
    "selling_date":"2017-08-28T00:00:00.000"
  },
  {
    "name":"Nike Air Force 1 '07 Sneakers",
    "type":"White Chocolate",
    "total_produced":93066,
    "total_sold":18173,
    "damaged":58153,
    "month":"November",
    "year":2016,
    "edition":"Holiday",
    "price":115,
    "gender":"Men",
    "sell_through_rate":19.5270023424,
    "damage_rate":62.485762792,
    "unsold_inventory":16740,
    "estimated_revenue":2089895,
    "quarter":"Q4",
    "date":"2016-11-01T00:00:00.000",
    "is_limited_edition":0,
    "price_bucket":"High",
    "manufacturing_date":"2016-11-01T00:00:00.000",
    "selling_date":"2016-12-15T00:00:00.000"
  },
  {
    "name":"Adidas Originals Samba OG Shoes",
    "type":"Almond",
    "total_produced":17355,
    "total_sold":9806,
    "damaged":2936,
    "month":"March",
    "year":2019,
    "edition":"Anniversary",
    "price":100,
    "gender":"Women",
    "sell_through_rate":56.502448862,
    "damage_rate":16.9173148948,
    "unsold_inventory":4613,
    "estimated_revenue":980600,
    "quarter":"Q1",
    "date":"2019-03-01T00:00:00.000",
    "is_limited_edition":0,
    "price_bucket":"Mid",
    "manufacturing_date":"2019-03-01T00:00:00.000",
    "selling_date":"2019-05-16T00:00:00.000"
  },
  {
    "name":"Air Jordan 1 Mid Shoes",
    "type":"Brownie",
    "total_produced":99364,
    "total_sold":28600,
    "damaged":22280,
    "month":"December",
    "year":2016,
    "edition":"Standard",
    "price":110,
    "gender":"Women",
    "sell_through_rate":28.7830602633,
    "damage_rate":22.4226077855,
    "unsold_inventory":48484,
    "estimated_revenue":3146000,
    "quarter":"Q4",
    "date":"2016-12-01T00:00:00.000",
    "is_limited_edition":0,
    "price_bucket":"High",
    "manufacturing_date":"2016-12-01T00:00:00.000",
    "selling_date":"2017-02-28T00:00:00.000"
  },
  {
    "name":"Red Tape Casual Sneakers",
    "type":"Brownie",
    "total_produced":99539,
    "total_sold":36566,
    "damaged":32615,
    "month":"July",
    "year":2021,
    "edition":"Limited",
    "price":35,
    "gender":"Women",
    "sell_through_rate":36.7353499633,
    "damage_rate":32.7660514974,
    "unsold_inventory":30358,
    "estimated_revenue":1279810,
    "quarter":"Q3",
    "date":"2021-07-01T00:00:00.000",
    "is_limited_edition":1,
    "price_bucket":"Low",
    "manufacturing_date":"2021-07-01T00:00:00.000",
    "selling_date":"2021-09-15T00:00:00.000"
  },
  {
    "name":"Nike Court Vision Low Shoes",
    "type":"Crisper",
    "total_produced":43466,
    "total_sold":5615,
    "damaged":30490,
    "month":"March",
    "year":2018,
    "edition":"Special Release",
    "price":80,
    "gender":"Women",
    "sell_through_rate":12.9181429163,
    "damage_rate":70.1467813924,
    "unsold_inventory":7361,
    "estimated_revenue":449200,
    "quarter":"Q1",
    "date":"2018-03-01T00:00:00.000",
    "is_limited_edition":1,
    "price_bucket":"Mid",
    "manufacturing_date":"2018-03-01T00:00:00.000",
    "selling_date":"2018-03-16T00:00:00.000"
  },
  {
    "name":"Puma Smash V2 Sneakers",
    "type":"Almond",
    "total_produced":87014,
    "total_sold":44210,
    "damaged":41873,
    "month":"October",
    "year":2019,
    "edition":"Holiday",
    "price":65,
    "gender":"Women",
    "sell_through_rate":50.8079159675,
    "damage_rate":48.1221412646,
    "unsold_inventory":931,
    "estimated_revenue":2873650,
    "quarter":"Q4",
    "date":"2019-10-01T00:00:00.000",
    "is_limited_edition":0,
    "price_bucket":"Mid",
    "manufacturing_date":"2019-10-01T00:00:00.000",
    "selling_date":"2019-11-11T00:00:00.000"
  },
  {
    "name":"Converse Chuck Taylor All Star",
    "type":"Peanut Butter",
    "total_produced":60422,
    "total_sold":36667,
    "damaged":3494,
    "month":"August",
    "year":2017,
    "edition":"Anniversary",
    "price":60,
    "gender":"Women",
    "sell_through_rate":60.6848498891,
    "damage_rate":5.7826619443,
    "unsold_inventory":20261,
    "estimated_revenue":2200020,
    "quarter":"Q3",
    "date":"2017-08-01T00:00:00.000",
    "is_limited_edition":0,
    "price_bucket":"Mid",
    "manufacturing_date":"2017-08-01T00:00:00.000",
    "selling_date":"2017-10-16T00:00:00.000"
  },
  {
    "name":"New Balance 574 Core",
    "type":"Creamy",
    "total_produced":48696,
    "total_sold":6437,
    "damaged":25939,
    "month":"January",
    "year":2018,
    "edition":"Standard",
    "price":90,
    "gender":"Men",
    "sell_through_rate":13.2187448661,
    "damage_rate":53.2672088057,
    "unsold_inventory":16320,
    "estimated_revenue":579330,
    "quarter":"Q1",
    "date":"2018-01-01T00:00:00.000",
    "is_limited_edition":0,
    "price_bucket":"Mid",
    "manufacturing_date":"2018-01-01T00:00:00.000",
    "selling_date":"2018-01-18T00:00:00.000"
  },
  {
    "name":"Reebok Classic Leather",
    "type":"Brownie",
    "total_produced":75107,
    "total_sold":42512,
    "damaged":25419,
    "month":"December",
    "year":2023,
    "edition":"Limited",
    "price":85,
    "gender":"Women",
    "sell_through_rate":56.6019146018,
    "damage_rate":33.8437162981,
    "unsold_inventory":7176,
    "estimated_revenue":3613520,
    "quarter":"Q4",
    "date":"2023-12-01T00:00:00.000",
    "is_limited_edition":1,
    "price_bucket":"Mid",
    "manufacturing_date":"2023-12-01T00:00:00.000",
    "selling_date":"2024-02-23T00:00:00.000"
  },
  {
    "name":"Under Armour Charged Assert 9",
    "type":"Peanut Butter",
    "total_produced":93442,
    "total_sold":29920,
    "damaged":40690,
    "month":"October",
    "year":2017,
    "edition":"Limited",
    "price":75,
    "gender":"Men",
    "sell_through_rate":32.0198625886,
    "damage_rate":43.5457289014,
    "unsold_inventory":22832,
    "estimated_revenue":2244000,
    "quarter":"Q4",
    "date":"2017-10-01T00:00:00.000",
    "is_limited_edition":1,
    "price_bucket":"Mid",
    "manufacturing_date":"2017-10-01T00:00:00.000",
    "selling_date":"2017-12-26T00:00:00.000"
  },
  {
    "name":"Fila Disruptor II Premium",
    "type":"Almond",
    "total_produced":67779,
    "total_sold":7186,
    "damaged":37982,
    "month":"February",
    "year":2019,
    "edition":"Limited",
    "price":70,
    "gender":"Women",
    "sell_through_rate":10.6021038965,
    "damage_rate":56.038005872,
    "unsold_inventory":22611,
    "estimated_revenue":503020,
    "quarter":"Q1",
    "date":"2019-02-01T00:00:00.000",
    "is_limited_edition":1,
    "price_bucket":"Mid",
    "manufacturing_date":"2019-02-01T00:00:00.000",
    "selling_date":"2019-03-14T00:00:00.000"
  },
  {
    "name":"ASICS Gel-Quantum 90",
    "type":"Almond",
    "total_produced":64460,
    "total_sold":16510,
    "damaged":13159,
    "month":"June",
    "year":2016,
    "edition":"Special Release",
    "price":100,
    "gender":"Women",
    "sell_through_rate":25.6127831213,
    "damage_rate":20.414210363,
    "unsold_inventory":34791,
    "estimated_revenue":1651000,
    "quarter":"Q2",
    "date":"2016-06-01T00:00:00.000",
    "is_limited_edition":1,
    "price_bucket":"Mid",
    "manufacturing_date":"2016-06-01T00:00:00.000",
    "selling_date":"2016-06-24T00:00:00.000"
  },
  {
    "name":"Skechers D'Lites",
    "type":"Brownie",
    "total_produced":75771,
    "total_sold":40720,
    "damaged":10783,
    "month":"November",
    "year":2017,
    "edition":"Anniversary",
    "price":75,
    "gender":"Women",
    "sell_through_rate":53.7408771166,
    "damage_rate":14.23103826,
    "unsold_inventory":24268,
    "estimated_revenue":3054000,
    "quarter":"Q4",
    "date":"2017-11-01T00:00:00.000",
    "is_limited_edition":0,
    "price_bucket":"Mid",
    "manufacturing_date":"2017-11-01T00:00:00.000",
    "selling_date":"2018-01-16T00:00:00.000"
  },
  {
    "name":"Vans Old Skool",
    "type":"Creamy",
    "total_produced":54396,
    "total_sold":12547,
    "damaged":30692,
    "month":"November",
    "year":2015,
    "edition":"Limited",
    "price":70,
    "gender":"Men",
    "sell_through_rate":23.0660342672,
    "damage_rate":56.4232664166,
    "unsold_inventory":11157,
    "estimated_revenue":878290,
    "quarter":"Q4",
    "date":"2015-11-01T00:00:00.000",
    "is_limited_edition":1,
    "price_bucket":"Mid",
    "manufacturing_date":"2015-11-01T00:00:00.000",
    "selling_date":"2015-12-22T00:00:00.000"
  },
  {
    "name":"Onitsuka Tiger Mexico 66",
    "type":"White Chocolate",
    "total_produced":98647,
    "total_sold":93395,
    "damaged":3255,
    "month":"June",
    "year":2024,
    "edition":"Special Release",
    "price":100,
    "gender":"Women",
    "sell_through_rate":94.6759658175,
    "damage_rate":3.2996441858,
    "unsold_inventory":1997,
    "estimated_revenue":9339500,
    "quarter":"Q2",
    "date":"2024-06-01T00:00:00.000",
    "is_limited_edition":1,
    "price_bucket":"Mid",
    "manufacturing_date":"2024-06-01T00:00:00.000",
    "selling_date":"2024-08-05T00:00:00.000"
  },
  {
    "name":"Lacoste Carnaby Evo",
    "type":"Classic",
    "total_produced":44663,
    "total_sold":40164,
    "damaged":1012,
    "month":"February",
    "year":2020,
    "edition":"Holiday",
    "price":95,
    "gender":"Women",
    "sell_through_rate":89.9267850346,
    "damage_rate":2.265857645,
    "unsold_inventory":3487,
    "estimated_revenue":3815580,
    "quarter":"Q1",
    "date":"2020-02-01T00:00:00.000",
    "is_limited_edition":0,
    "price_bucket":"Mid",
    "manufacturing_date":"2020-02-01T00:00:00.000",
    "selling_date":"2020-03-30T00:00:00.000"
  },
  {
    "name":"Superga 2750 Cotu Classic",
    "type":"Brownie",
    "total_produced":59941,
    "total_sold":58897,
    "damaged":760,
    "month":"March",
    "year":2016,
    "edition":"Limited",
    "price":65,
    "gender":"Women",
    "sell_through_rate":98.2582873159,
    "damage_rate":1.2679134482,
    "unsold_inventory":284,
    "estimated_revenue":3828305,
    "quarter":"Q1",
    "date":"2016-03-01T00:00:00.000",
    "is_limited_edition":1,
    "price_bucket":"Mid",
    "manufacturing_date":"2016-03-01T00:00:00.000",
    "selling_date":"2016-04-08T00:00:00.000"
  },
  {
    "name":"Hoka One One Clifton 8",
    "type":"Brownie",
    "total_produced":39015,
    "total_sold":9142,
    "damaged":20820,
    "month":"March",
    "year":2024,
    "edition":"Anniversary",
    "price":140,
    "gender":"Women",
    "sell_through_rate":23.4320133282,
    "damage_rate":53.3640907343,
    "unsold_inventory":9053,
    "estimated_revenue":1279880,
    "quarter":"Q1",
    "date":"2024-03-01T00:00:00.000",
    "is_limited_edition":0,
    "price_bucket":"High",
    "manufacturing_date":"2024-03-01T00:00:00.000",
    "selling_date":"2024-05-13T00:00:00.000"
  },
  {
    "name":"Saucony Jazz Original",
    "type":"Creamy",
    "total_produced":63516,
    "total_sold":12646,
    "damaged":9160,
    "month":"July",
    "year":2015,
    "edition":"Standard",
    "price":80,
    "gender":"Women",
    "sell_through_rate":19.9099439511,
    "damage_rate":14.4215630707,
    "unsold_inventory":41710,
    "estimated_revenue":1011680,
    "quarter":"Q3",
    "date":"2015-07-01T00:00:00.000",
    "is_limited_edition":0,
    "price_bucket":"Mid",
    "manufacturing_date":"2015-07-01T00:00:00.000",
    "selling_date":"2015-08-16T00:00:00.000"
  },
  {
    "name":"Columbia Trailstorm Waterproof",
    "type":"Classic",
    "total_produced":22739,
    "total_sold":12693,
    "damaged":8807,
    "month":"July",
    "year":2016,
    "edition":"Anniversary",
    "price":110,
    "gender":"Women",
    "sell_through_rate":55.8203966753,
    "damage_rate":38.7308148995,
    "unsold_inventory":1239,
    "estimated_revenue":1396230,
    "quarter":"Q3",
    "date":"2016-07-01T00:00:00.000",
    "is_limited_edition":0,
    "price_bucket":"High",
    "manufacturing_date":"2016-07-01T00:00:00.000",
    "selling_date":"2016-09-05T00:00:00.000"
  },
  {
    "name":"Nike Air Force 1 '07 Sneakers",
    "type":"Brownie",
    "total_produced":30253,
    "total_sold":18594,
    "damaged":10730,
    "month":"February",
    "year":2016,
    "edition":"Anniversary",
    "price":115,
    "gender":"Women",
    "sell_through_rate":61.4616732225,
    "damage_rate":35.4675569365,
    "unsold_inventory":929,
    "estimated_revenue":2138310,
    "quarter":"Q1",
    "date":"2016-02-01T00:00:00.000",
    "is_limited_edition":0,
    "price_bucket":"High",
    "manufacturing_date":"2016-02-01T00:00:00.000",
    "selling_date":"2016-04-17T00:00:00.000"
  },
  {
    "name":"Adidas Originals Samba OG Shoes",
    "type":"Classic",
    "total_produced":58566,
    "total_sold":19238,
    "damaged":29057,
    "month":"December",
    "year":2019,
    "edition":"Limited",
    "price":100,
    "gender":"Men",
    "sell_through_rate":32.8484103405,
    "damage_rate":49.6141105761,
    "unsold_inventory":10271,
    "estimated_revenue":1923800,
    "quarter":"Q4",
    "date":"2019-12-01T00:00:00.000",
    "is_limited_edition":1,
    "price_bucket":"Mid",
    "manufacturing_date":"2019-12-01T00:00:00.000",
    "selling_date":"2020-02-11T00:00:00.000"
  },
  {
    "name":"Air Jordan 1 Mid Shoes",
    "type":"Creamy",
    "total_produced":58147,
    "total_sold":40682,
    "damaged":11753,
    "month":"September",
    "year":2015,
    "edition":"Anniversary",
    "price":110,
    "gender":"Men",
    "sell_through_rate":69.9640566151,
    "damage_rate":20.2125647067,
    "unsold_inventory":5712,
    "estimated_revenue":4475020,
    "quarter":"Q3",
    "date":"2015-09-01T00:00:00.000",
    "is_limited_edition":0,
    "price_bucket":"High",
    "manufacturing_date":"2015-09-01T00:00:00.000",
    "selling_date":"2015-11-06T00:00:00.000"
  },
  {
    "name":"Red Tape Casual Sneakers",
    "type":"White Chocolate",
    "total_produced":69600,
    "total_sold":11007,
    "damaged":43435,
    "month":"May",
    "year":2017,
    "edition":"Special Release",
    "price":35,
    "gender":"Men",
    "sell_through_rate":15.8146551724,
    "damage_rate":62.4066091954,
    "unsold_inventory":15158,
    "estimated_revenue":385245,
    "quarter":"Q2",
    "date":"2017-05-01T00:00:00.000",
    "is_limited_edition":1,
    "price_bucket":"Low",
    "manufacturing_date":"2017-05-01T00:00:00.000",
    "selling_date":"2017-05-27T00:00:00.000"
  },
  {
    "name":"Nike Court Vision Low Shoes",
    "type":"White Chocolate",
    "total_produced":53713,
    "total_sold":20962,
    "damaged":32401,
    "month":"May",
    "year":2016,
    "edition":"Special Release",
    "price":80,
    "gender":"Men",
    "sell_through_rate":39.0259341314,
    "damage_rate":60.3224545268,
    "unsold_inventory":350,
    "estimated_revenue":1676960,
    "quarter":"Q2",
    "date":"2016-05-01T00:00:00.000",
    "is_limited_edition":1,
    "price_bucket":"Mid",
    "manufacturing_date":"2016-05-01T00:00:00.000",
    "selling_date":"2016-06-23T00:00:00.000"
  },
  {
    "name":"Puma Smash V2 Sneakers",
    "type":"Brownie",
    "total_produced":38305,
    "total_sold":20269,
    "damaged":10766,
    "month":"September",
    "year":2023,
    "edition":"Limited",
    "price":65,
    "gender":"Men",
    "sell_through_rate":52.9147630858,
    "damage_rate":28.1059913849,
    "unsold_inventory":7270,
    "estimated_revenue":1317485,
    "quarter":"Q3",
    "date":"2023-09-01T00:00:00.000",
    "is_limited_edition":1,
    "price_bucket":"Mid",
    "manufacturing_date":"2023-09-01T00:00:00.000",
    "selling_date":"2023-09-17T00:00:00.000"
  },
  {
    "name":"Converse Chuck Taylor All Star",
    "type":"Almond",
    "total_produced":28964,
    "total_sold":9259,
    "damaged":17701,
    "month":"October",
    "year":2017,
    "edition":"Limited",
    "price":60,
    "gender":"Men",
    "sell_through_rate":31.9672697141,
    "damage_rate":61.113796437,
    "unsold_inventory":2004,
    "estimated_revenue":555540,
    "quarter":"Q4",
    "date":"2017-10-01T00:00:00.000",
    "is_limited_edition":1,
    "price_bucket":"Mid",
    "manufacturing_date":"2017-10-01T00:00:00.000",
    "selling_date":"2017-10-18T00:00:00.000"
  },
  {
    "name":"New Balance 574 Core",
    "type":"Peanut Butter",
    "total_produced":11947,
    "total_sold":7934,
    "damaged":3235,
    "month":"November",
    "year":2023,
    "edition":"Limited",
    "price":90,
    "gender":"Men",
    "sell_through_rate":66.4099774002,
    "damage_rate":27.0779275132,
    "unsold_inventory":778,
    "estimated_revenue":714060,
    "quarter":"Q4",
    "date":"2023-11-01T00:00:00.000",
    "is_limited_edition":1,
    "price_bucket":"Mid",
    "manufacturing_date":"2023-11-01T00:00:00.000",
    "selling_date":"2024-01-10T00:00:00.000"
  },
  {
    "name":"Reebok Classic Leather",
    "type":"Peanut Butter",
    "total_produced":44782,
    "total_sold":8434,
    "damaged":8307,
    "month":"April",
    "year":2023,
    "edition":"Anniversary",
    "price":85,
    "gender":"Men",
    "sell_through_rate":18.8334598723,
    "damage_rate":18.5498637846,
    "unsold_inventory":28041,
    "estimated_revenue":716890,
    "quarter":"Q2",
    "date":"2023-04-01T00:00:00.000",
    "is_limited_edition":0,
    "price_bucket":"Mid",
    "manufacturing_date":"2023-04-01T00:00:00.000",
    "selling_date":"2023-06-13T00:00:00.000"
  },
  {
    "name":"Under Armour Charged Assert 9",
    "type":"Crisper",
    "total_produced":68756,
    "total_sold":55988,
    "damaged":5931,
    "month":"October",
    "year":2020,
    "edition":"Special Release",
    "price":75,
    "gender":"Men",
    "sell_through_rate":81.4299842923,
    "damage_rate":8.6261562627,
    "unsold_inventory":6837,
    "estimated_revenue":4199100,
    "quarter":"Q4",
    "date":"2020-10-01T00:00:00.000",
    "is_limited_edition":1,
    "price_bucket":"Mid",
    "manufacturing_date":"2020-10-01T00:00:00.000",
    "selling_date":"2020-10-17T00:00:00.000"
  },
  {
    "name":"Fila Disruptor II Premium",
    "type":"Brownie",
    "total_produced":15683,
    "total_sold":13543,
    "damaged":1235,
    "month":"February",
    "year":2020,
    "edition":"Standard",
    "price":70,
    "gender":"Women",
    "sell_through_rate":86.3546515335,
    "damage_rate":7.874768858,
    "unsold_inventory":905,
    "estimated_revenue":948010,
    "quarter":"Q1",
    "date":"2020-02-01T00:00:00.000",
    "is_limited_edition":0,
    "price_bucket":"Mid",
    "manufacturing_date":"2020-02-01T00:00:00.000",
    "selling_date":"2020-02-17T00:00:00.000"
  },
  {
    "name":"ASICS Gel-Quantum 90",
    "type":"White Chocolate",
    "total_produced":62640,
    "total_sold":32936,
    "damaged":22482,
    "month":"March",
    "year":2016,
    "edition":"Anniversary",
    "price":100,
    "gender":"Women",
    "sell_through_rate":52.5798212005,
    "damage_rate":35.8908045977,
    "unsold_inventory":7222,
    "estimated_revenue":3293600,
    "quarter":"Q1",
    "date":"2016-03-01T00:00:00.000",
    "is_limited_edition":0,
    "price_bucket":"Mid",
    "manufacturing_date":"2016-03-01T00:00:00.000",
    "selling_date":"2016-05-08T00:00:00.000"
  },
  {
    "name":"Skechers D'Lites",
    "type":"Classic",
    "total_produced":20589,
    "total_sold":10277,
    "damaged":9966,
    "month":"August",
    "year":2016,
    "edition":"Standard",
    "price":75,
    "gender":"Women",
    "sell_through_rate":49.915003157,
    "damage_rate":48.4044878333,
    "unsold_inventory":346,
    "estimated_revenue":770775,
    "quarter":"Q3",
    "date":"2016-08-01T00:00:00.000",
    "is_limited_edition":0,
    "price_bucket":"Mid",
    "manufacturing_date":"2016-08-01T00:00:00.000",
    "selling_date":"2016-08-16T00:00:00.000"
  },
  {
    "name":"Vans Old Skool",
    "type":"Crisper",
    "total_produced":88301,
    "total_sold":74541,
    "damaged":4831,
    "month":"February",
    "year":2020,
    "edition":"Special Release",
    "price":70,
    "gender":"Men",
    "sell_through_rate":84.4169375205,
    "damage_rate":5.4710592179,
    "unsold_inventory":8929,
    "estimated_revenue":5217870,
    "quarter":"Q1",
    "date":"2020-02-01T00:00:00.000",
    "is_limited_edition":1,
    "price_bucket":"Mid",
    "manufacturing_date":"2020-02-01T00:00:00.000",
    "selling_date":"2020-03-05T00:00:00.000"
  },
  {
    "name":"Onitsuka Tiger Mexico 66",
    "type":"White Chocolate",
    "total_produced":24996,
    "total_sold":23066,
    "damaged":1476,
    "month":"September",
    "year":2024,
    "edition":"Limited",
    "price":100,
    "gender":"Men",
    "sell_through_rate":92.2787646023,
    "damage_rate":5.9049447912,
    "unsold_inventory":454,
    "estimated_revenue":2306600,
    "quarter":"Q3",
    "date":"2024-09-01T00:00:00.000",
    "is_limited_edition":1,
    "price_bucket":"Mid",
    "manufacturing_date":"2024-09-01T00:00:00.000",
    "selling_date":"2024-09-17T00:00:00.000"
  },
  {
    "name":"Lacoste Carnaby Evo",
    "type":"Crisper",
    "total_produced":54424,
    "total_sold":34720,
    "damaged":13065,
    "month":"August",
    "year":2019,
    "edition":"Standard",
    "price":95,
    "gender":"Women",
    "sell_through_rate":63.7953843892,
    "damage_rate":24.0059532559,
    "unsold_inventory":6639,
    "estimated_revenue":3298400,
    "quarter":"Q3",
    "date":"2019-08-01T00:00:00.000",
    "is_limited_edition":0,
    "price_bucket":"Mid",
    "manufacturing_date":"2019-08-01T00:00:00.000",
    "selling_date":"2019-10-07T00:00:00.000"
  },
  {
    "name":"Superga 2750 Cotu Classic",
    "type":"Creamy",
    "total_produced":43408,
    "total_sold":29530,
    "damaged":2500,
    "month":"September",
    "year":2022,
    "edition":"Anniversary",
    "price":65,
    "gender":"Men",
    "sell_through_rate":68.0289347586,
    "damage_rate":5.7593070402,
    "unsold_inventory":11378,
    "estimated_revenue":1919450,
    "quarter":"Q3",
    "date":"2022-09-01T00:00:00.000",
    "is_limited_edition":0,
    "price_bucket":"Mid",
    "manufacturing_date":"2022-09-01T00:00:00.000",
    "selling_date":"2022-10-29T00:00:00.000"
  },
  {
    "name":"Hoka One One Clifton 8",
    "type":"Classic",
    "total_produced":66606,
    "total_sold":11328,
    "damaged":48797,
    "month":"April",
    "year":2023,
    "edition":"Holiday",
    "price":140,
    "gender":"Men",
    "sell_through_rate":17.0074768039,
    "damage_rate":73.2621685734,
    "unsold_inventory":6481,
    "estimated_revenue":1585920,
    "quarter":"Q2",
    "date":"2023-04-01T00:00:00.000",
    "is_limited_edition":0,
    "price_bucket":"High",
    "manufacturing_date":"2023-04-01T00:00:00.000",
    "selling_date":"2023-05-17T00:00:00.000"
  },
  {
    "name":"Saucony Jazz Original",
    "type":"Brownie",
    "total_produced":83608,
    "total_sold":78620,
    "damaged":2700,
    "month":"July",
    "year":2022,
    "edition":"Standard",
    "price":80,
    "gender":"Women",
    "sell_through_rate":94.034063726,
    "damage_rate":3.2293560425,
    "unsold_inventory":2288,
    "estimated_revenue":6289600,
    "quarter":"Q3",
    "date":"2022-07-01T00:00:00.000",
    "is_limited_edition":0,
    "price_bucket":"Mid",
    "manufacturing_date":"2022-07-01T00:00:00.000",
    "selling_date":"2022-09-23T00:00:00.000"
  },
  {
    "name":"Columbia Trailstorm Waterproof",
    "type":"White Chocolate",
    "total_produced":16743,
    "total_sold":9712,
    "damaged":4918,
    "month":"July",
    "year":2018,
    "edition":"Holiday",
    "price":110,
    "gender":"Men",
    "sell_through_rate":58.006331004,
    "damage_rate":29.3734695096,
    "unsold_inventory":2113,
    "estimated_revenue":1068320,
    "quarter":"Q3",
    "date":"2018-07-01T00:00:00.000",
    "is_limited_edition":0,
    "price_bucket":"High",
    "manufacturing_date":"2018-07-01T00:00:00.000",
    "selling_date":"2018-08-16T00:00:00.000"
  },
  {
    "name":"Nike Air Force 1 '07 Sneakers",
    "type":"Peanut Butter",
    "total_produced":96079,
    "total_sold":68201,
    "damaged":7348,
    "month":"July",
    "year":2024,
    "edition":"Standard",
    "price":115,
    "gender":"Women",
    "sell_through_rate":70.9842941746,
    "damage_rate":7.6478731044,
    "unsold_inventory":20530,
    "estimated_revenue":7843115,
    "quarter":"Q3",
    "date":"2024-07-01T00:00:00.000",
    "is_limited_edition":0,
    "price_bucket":"High",
    "manufacturing_date":"2024-07-01T00:00:00.000",
    "selling_date":"2024-09-21T00:00:00.000"
  },
  {
    "name":"Adidas Originals Samba OG Shoes",
    "type":"Classic",
    "total_produced":46512,
    "total_sold":42624,
    "damaged":926,
    "month":"January",
    "year":2024,
    "edition":"Anniversary",
    "price":100,
    "gender":"Men",
    "sell_through_rate":91.6408668731,
    "damage_rate":1.9908840729,
    "unsold_inventory":2962,
    "estimated_revenue":4262400,
    "quarter":"Q1",
    "date":"2024-01-01T00:00:00.000",
    "is_limited_edition":0,
    "price_bucket":"Mid",
    "manufacturing_date":"2024-01-01T00:00:00.000",
    "selling_date":"2024-03-10T00:00:00.000"
  },
  {
    "name":"Air Jordan 1 Mid Shoes",
    "type":"Brownie",
    "total_produced":96223,
    "total_sold":95894,
    "damaged":136,
    "month":"April",
    "year":2015,
    "edition":"Limited",
    "price":110,
    "gender":"Women",
    "sell_through_rate":99.6580859046,
    "damage_rate":0.1413383495,
    "unsold_inventory":193,
    "estimated_revenue":10548340,
    "quarter":"Q2",
    "date":"2015-04-01T00:00:00.000",
    "is_limited_edition":1,
    "price_bucket":"High",
    "manufacturing_date":"2015-04-01T00:00:00.000",
    "selling_date":"2015-06-29T00:00:00.000"
  },
  {
    "name":"Red Tape Casual Sneakers",
    "type":"Almond",
    "total_produced":56009,
    "total_sold":5400,
    "damaged":11888,
    "month":"October",
    "year":2024,
    "edition":"Limited",
    "price":35,
    "gender":"Women",
    "sell_through_rate":9.641307647,
    "damage_rate":21.2251602421,
    "unsold_inventory":38721,
    "estimated_revenue":189000,
    "quarter":"Q4",
    "date":"2024-10-01T00:00:00.000",
    "is_limited_edition":1,
    "price_bucket":"Low",
    "manufacturing_date":"2024-10-01T00:00:00.000",
    "selling_date":"2024-12-10T00:00:00.000"
  },
  {
    "name":"Nike Court Vision Low Shoes",
    "type":"Classic",
    "total_produced":28595,
    "total_sold":25747,
    "damaged":125,
    "month":"January",
    "year":2016,
    "edition":"Special Release",
    "price":80,
    "gender":"Women",
    "sell_through_rate":90.0402168211,
    "damage_rate":0.43713936,
    "unsold_inventory":2723,
    "estimated_revenue":2059760,
    "quarter":"Q1",
    "date":"2016-01-01T00:00:00.000",
    "is_limited_edition":1,
    "price_bucket":"Mid",
    "manufacturing_date":"2016-01-01T00:00:00.000",
    "selling_date":"2016-02-01T00:00:00.000"
  },
  {
    "name":"Puma Smash V2 Sneakers",
    "type":"Crisper",
    "total_produced":54681,
    "total_sold":15315,
    "damaged":24251,
    "month":"June",
    "year":2018,
    "edition":"Holiday",
    "price":65,
    "gender":"Men",
    "sell_through_rate":28.0079003676,
    "damage_rate":44.3499570235,
    "unsold_inventory":15115,
    "estimated_revenue":995475,
    "quarter":"Q2",
    "date":"2018-06-01T00:00:00.000",
    "is_limited_edition":0,
    "price_bucket":"Mid",
    "manufacturing_date":"2018-06-01T00:00:00.000",
    "selling_date":"2018-07-23T00:00:00.000"
  },
  {
    "name":"Converse Chuck Taylor All Star",
    "type":"Classic",
    "total_produced":30392,
    "total_sold":10158,
    "damaged":1630,
    "month":"July",
    "year":2022,
    "edition":"Standard",
    "price":60,
    "gender":"Women",
    "sell_through_rate":33.4232692814,
    "damage_rate":5.3632534878,
    "unsold_inventory":18604,
    "estimated_revenue":609480,
    "quarter":"Q3",
    "date":"2022-07-01T00:00:00.000",
    "is_limited_edition":0,
    "price_bucket":"Mid",
    "manufacturing_date":"2022-07-01T00:00:00.000",
    "selling_date":"2022-08-08T00:00:00.000"
  },
  {
    "name":"New Balance 574 Core",
    "type":"Crisper",
    "total_produced":89570,
    "total_sold":62939,
    "damaged":13571,
    "month":"January",
    "year":2018,
    "edition":"Limited",
    "price":90,
    "gender":"Men",
    "sell_through_rate":70.2679468572,
    "damage_rate":15.1512783298,
    "unsold_inventory":13060,
    "estimated_revenue":5664510,
    "quarter":"Q1",
    "date":"2018-01-01T00:00:00.000",
    "is_limited_edition":1,
    "price_bucket":"Mid",
    "manufacturing_date":"2018-01-01T00:00:00.000",
    "selling_date":"2018-03-25T00:00:00.000"
  },
  {
    "name":"Reebok Classic Leather",
    "type":"Almond",
    "total_produced":66349,
    "total_sold":12267,
    "damaged":18562,
    "month":"August",
    "year":2022,
    "edition":"Special Release",
    "price":85,
    "gender":"Women",
    "sell_through_rate":18.4885981703,
    "damage_rate":27.9763071033,
    "unsold_inventory":35520,
    "estimated_revenue":1042695,
    "quarter":"Q3",
    "date":"2022-08-01T00:00:00.000",
    "is_limited_edition":1,
    "price_bucket":"Mid",
    "manufacturing_date":"2022-08-01T00:00:00.000",
    "selling_date":"2022-10-24T00:00:00.000"
  },
  {
    "name":"Under Armour Charged Assert 9",
    "type":"Classic",
    "total_produced":38903,
    "total_sold":30903,
    "damaged":4909,
    "month":"August",
    "year":2015,
    "edition":"Standard",
    "price":75,
    "gender":"Men",
    "sell_through_rate":79.4360332108,
    "damage_rate":12.618564121,
    "unsold_inventory":3091,
    "estimated_revenue":2317725,
    "quarter":"Q3",
    "date":"2015-08-01T00:00:00.000",
    "is_limited_edition":0,
    "price_bucket":"Mid",
    "manufacturing_date":"2015-08-01T00:00:00.000",
    "selling_date":"2015-08-26T00:00:00.000"
  },
  {
    "name":"Fila Disruptor II Premium",
    "type":"White Chocolate",
    "total_produced":27987,
    "total_sold":13372,
    "damaged":4742,
    "month":"September",
    "year":2018,
    "edition":"Standard",
    "price":70,
    "gender":"Women",
    "sell_through_rate":47.7793261157,
    "damage_rate":16.9435809483,
    "unsold_inventory":9873,
    "estimated_revenue":936040,
    "quarter":"Q3",
    "date":"2018-09-01T00:00:00.000",
    "is_limited_edition":0,
    "price_bucket":"Mid",
    "manufacturing_date":"2018-09-01T00:00:00.000",
    "selling_date":"2018-10-01T00:00:00.000"
  },
  {
    "name":"ASICS Gel-Quantum 90",
    "type":"Peanut Butter",
    "total_produced":26932,
    "total_sold":17458,
    "damaged":8725,
    "month":"November",
    "year":2022,
    "edition":"Limited",
    "price":100,
    "gender":"Women",
    "sell_through_rate":64.8225159661,
    "damage_rate":32.3964057627,
    "unsold_inventory":749,
    "estimated_revenue":1745800,
    "quarter":"Q4",
    "date":"2022-11-01T00:00:00.000",
    "is_limited_edition":1,
    "price_bucket":"Mid",
    "manufacturing_date":"2022-11-01T00:00:00.000",
    "selling_date":"2023-01-27T00:00:00.000"
  },
  {
    "name":"Skechers D'Lites",
    "type":"Classic",
    "total_produced":62044,
    "total_sold":61476,
    "damaged":43,
    "month":"November",
    "year":2019,
    "edition":"Standard",
    "price":75,
    "gender":"Men",
    "sell_through_rate":99.0845206628,
    "damage_rate":0.0693056541,
    "unsold_inventory":525,
    "estimated_revenue":4610700,
    "quarter":"Q4",
    "date":"2019-11-01T00:00:00.000",
    "is_limited_edition":0,
    "price_bucket":"Mid",
    "manufacturing_date":"2019-11-01T00:00:00.000",
    "selling_date":"2020-01-13T00:00:00.000"
  },
  {
    "name":"Vans Old Skool",
    "type":"White Chocolate",
    "total_produced":51033,
    "total_sold":42732,
    "damaged":7033,
    "month":"June",
    "year":2021,
    "edition":"Anniversary",
    "price":70,
    "gender":"Women",
    "sell_through_rate":83.7340544354,
    "damage_rate":13.7812787804,
    "unsold_inventory":1268,
    "estimated_revenue":2991240,
    "quarter":"Q2",
    "date":"2021-06-01T00:00:00.000",
    "is_limited_edition":0,
    "price_bucket":"Mid",
    "manufacturing_date":"2021-06-01T00:00:00.000",
    "selling_date":"2021-08-24T00:00:00.000"
  },
  {
    "name":"Onitsuka Tiger Mexico 66",
    "type":"Almond",
    "total_produced":25096,
    "total_sold":18272,
    "damaged":170,
    "month":"August",
    "year":2018,
    "edition":"Limited",
    "price":100,
    "gender":"Women",
    "sell_through_rate":72.8084156838,
    "damage_rate":0.6773987887,
    "unsold_inventory":6654,
    "estimated_revenue":1827200,
    "quarter":"Q3",
    "date":"2018-08-01T00:00:00.000",
    "is_limited_edition":1,
    "price_bucket":"Mid",
    "manufacturing_date":"2018-08-01T00:00:00.000",
    "selling_date":"2018-08-18T00:00:00.000"
  },
  {
    "name":"Lacoste Carnaby Evo",
    "type":"White Chocolate",
    "total_produced":57428,
    "total_sold":10775,
    "damaged":28620,
    "month":"June",
    "year":2024,
    "edition":"Standard",
    "price":95,
    "gender":"Women",
    "sell_through_rate":18.7626245037,
    "damage_rate":49.8363167793,
    "unsold_inventory":18033,
    "estimated_revenue":1023625,
    "quarter":"Q2",
    "date":"2024-06-01T00:00:00.000",
    "is_limited_edition":0,
    "price_bucket":"Mid",
    "manufacturing_date":"2024-06-01T00:00:00.000",
    "selling_date":"2024-07-05T00:00:00.000"
  },
  {
    "name":"Superga 2750 Cotu Classic",
    "type":"Brownie",
    "total_produced":20308,
    "total_sold":11484,
    "damaged":5083,
    "month":"May",
    "year":2023,
    "edition":"Holiday",
    "price":65,
    "gender":"Men",
    "sell_through_rate":56.5491431948,
    "damage_rate":25.0295450069,
    "unsold_inventory":3741,
    "estimated_revenue":746460,
    "quarter":"Q2",
    "date":"2023-05-01T00:00:00.000",
    "is_limited_edition":0,
    "price_bucket":"Mid",
    "manufacturing_date":"2023-05-01T00:00:00.000",
    "selling_date":"2023-07-13T00:00:00.000"
  },
  {
    "name":"Hoka One One Clifton 8",
    "type":"Classic",
    "total_produced":76910,
    "total_sold":19945,
    "damaged":34773,
    "month":"September",
    "year":2020,
    "edition":"Limited",
    "price":140,
    "gender":"Women",
    "sell_through_rate":25.9329085945,
    "damage_rate":45.2125861396,
    "unsold_inventory":22192,
    "estimated_revenue":2792300,
    "quarter":"Q3",
    "date":"2020-09-01T00:00:00.000",
    "is_limited_edition":1,
    "price_bucket":"High",
    "manufacturing_date":"2020-09-01T00:00:00.000",
    "selling_date":"2020-10-21T00:00:00.000"
  },
  {
    "name":"Saucony Jazz Original",
    "type":"Almond",
    "total_produced":94599,
    "total_sold":24358,
    "damaged":30968,
    "month":"February",
    "year":2016,
    "edition":"Limited",
    "price":80,
    "gender":"Men",
    "sell_through_rate":25.7486865612,
    "damage_rate":32.7360754342,
    "unsold_inventory":39273,
    "estimated_revenue":1948640,
    "quarter":"Q1",
    "date":"2016-02-01T00:00:00.000",
    "is_limited_edition":1,
    "price_bucket":"Mid",
    "manufacturing_date":"2016-02-01T00:00:00.000",
    "selling_date":"2016-03-05T00:00:00.000"
  },
  {
    "name":"Columbia Trailstorm Waterproof",
    "type":"Brownie",
    "total_produced":30036,
    "total_sold":29910,
    "damaged":97,
    "month":"May",
    "year":2022,
    "edition":"Standard",
    "price":110,
    "gender":"Women",
    "sell_through_rate":99.5805033959,
    "damage_rate":0.3229457984,
    "unsold_inventory":29,
    "estimated_revenue":3290100,
    "quarter":"Q2",
    "date":"2022-05-01T00:00:00.000",
    "is_limited_edition":0,
    "price_bucket":"High",
    "manufacturing_date":"2022-05-01T00:00:00.000",
    "selling_date":"2022-07-21T00:00:00.000"
  },
  {
    "name":"Nike Air Force 1 '07 Sneakers",
    "type":"Crisper",
    "total_produced":83889,
    "total_sold":80952,
    "damaged":1838,
    "month":"August",
    "year":2022,
    "edition":"Special Release",
    "price":115,
    "gender":"Women",
    "sell_through_rate":96.4989450345,
    "damage_rate":2.1909904755,
    "unsold_inventory":1099,
    "estimated_revenue":9309480,
    "quarter":"Q3",
    "date":"2022-08-01T00:00:00.000",
    "is_limited_edition":1,
    "price_bucket":"High",
    "manufacturing_date":"2022-08-01T00:00:00.000",
    "selling_date":"2022-09-03T00:00:00.000"
  },
  {
    "name":"Adidas Originals Samba OG Shoes",
    "type":"White Chocolate",
    "total_produced":92210,
    "total_sold":46436,
    "damaged":9893,
    "month":"December",
    "year":2019,
    "edition":"Standard",
    "price":100,
    "gender":"Women",
    "sell_through_rate":50.3589632361,
    "damage_rate":10.7287712829,
    "unsold_inventory":35881,
    "estimated_revenue":4643600,
    "quarter":"Q4",
    "date":"2019-12-01T00:00:00.000",
    "is_limited_edition":0,
    "price_bucket":"Mid",
    "manufacturing_date":"2019-12-01T00:00:00.000",
    "selling_date":"2020-01-04T00:00:00.000"
  },
  {
    "name":"Air Jordan 1 Mid Shoes",
    "type":"White Chocolate",
    "total_produced":46002,
    "total_sold":43759,
    "damaged":230,
    "month":"December",
    "year":2018,
    "edition":"Special Release",
    "price":110,
    "gender":"Women",
    "sell_through_rate":95.124125038,
    "damage_rate":0.4999782618,
    "unsold_inventory":2013,
    "estimated_revenue":4813490,
    "quarter":"Q4",
    "date":"2018-12-01T00:00:00.000",
    "is_limited_edition":1,
    "price_bucket":"High",
    "manufacturing_date":"2018-12-01T00:00:00.000",
    "selling_date":"2019-02-24T00:00:00.000"
  },
  {
    "name":"Red Tape Casual Sneakers",
    "type":"Crisper",
    "total_produced":14929,
    "total_sold":5932,
    "damaged":6041,
    "month":"April",
    "year":2024,
    "edition":"Holiday",
    "price":35,
    "gender":"Men",
    "sell_through_rate":39.7347444571,
    "damage_rate":40.4648670373,
    "unsold_inventory":2956,
    "estimated_revenue":207620,
    "quarter":"Q2",
    "date":"2024-04-01T00:00:00.000",
    "is_limited_edition":0,
    "price_bucket":"Low",
    "manufacturing_date":"2024-04-01T00:00:00.000",
    "selling_date":"2024-06-06T00:00:00.000"
  },
  {
    "name":"Nike Court Vision Low Shoes",
    "type":"Brownie",
    "total_produced":87867,
    "total_sold":71462,
    "damaged":12598,
    "month":"March",
    "year":2020,
    "edition":"Special Release",
    "price":80,
    "gender":"Men",
    "sell_through_rate":81.3297369889,
    "damage_rate":14.3375783855,
    "unsold_inventory":3807,
    "estimated_revenue":5716960,
    "quarter":"Q1",
    "date":"2020-03-01T00:00:00.000",
    "is_limited_edition":1,
    "price_bucket":"Mid",
    "manufacturing_date":"2020-03-01T00:00:00.000",
    "selling_date":"2020-04-17T00:00:00.000"
  },
  {
    "name":"Puma Smash V2 Sneakers",
    "type":"Crisper",
    "total_produced":84928,
    "total_sold":29672,
    "damaged":21071,
    "month":"October",
    "year":2021,
    "edition":"Anniversary",
    "price":65,
    "gender":"Men",
    "sell_through_rate":34.937829691,
    "damage_rate":24.8104276564,
    "unsold_inventory":34185,
    "estimated_revenue":1928680,
    "quarter":"Q4",
    "date":"2021-10-01T00:00:00.000",
    "is_limited_edition":0,
    "price_bucket":"Mid",
    "manufacturing_date":"2021-10-01T00:00:00.000",
    "selling_date":"2021-11-24T00:00:00.000"
  },
  {
    "name":"Converse Chuck Taylor All Star",
    "type":"Crisper",
    "total_produced":23566,
    "total_sold":16253,
    "damaged":5851,
    "month":"December",
    "year":2015,
    "edition":"Special Release",
    "price":60,
    "gender":"Men",
    "sell_through_rate":68.9680047526,
    "damage_rate":24.8281422388,
    "unsold_inventory":1462,
    "estimated_revenue":975180,
    "quarter":"Q4",
    "date":"2015-12-01T00:00:00.000",
    "is_limited_edition":1,
    "price_bucket":"Mid",
    "manufacturing_date":"2015-12-01T00:00:00.000",
    "selling_date":"2016-01-23T00:00:00.000"
  },
  {
    "name":"New Balance 574 Core",
    "type":"Peanut Butter",
    "total_produced":67377,
    "total_sold":33797,
    "damaged":10403,
    "month":"January",
    "year":2019,
    "edition":"Holiday",
    "price":90,
    "gender":"Women",
    "sell_through_rate":50.1610341808,
    "damage_rate":15.4399869392,
    "unsold_inventory":23177,
    "estimated_revenue":3041730,
    "quarter":"Q1",
    "date":"2019-01-01T00:00:00.000",
    "is_limited_edition":0,
    "price_bucket":"Mid",
    "manufacturing_date":"2019-01-01T00:00:00.000",
    "selling_date":"2019-01-16T00:00:00.000"
  },
  {
    "name":"Reebok Classic Leather",
    "type":"Crisper",
    "total_produced":54350,
    "total_sold":49492,
    "damaged":428,
    "month":"November",
    "year":2023,
    "edition":"Holiday",
    "price":85,
    "gender":"Men",
    "sell_through_rate":91.0616375345,
    "damage_rate":0.7874885005,
    "unsold_inventory":4430,
    "estimated_revenue":4206820,
    "quarter":"Q4",
    "date":"2023-11-01T00:00:00.000",
    "is_limited_edition":0,
    "price_bucket":"Mid",
    "manufacturing_date":"2023-11-01T00:00:00.000",
    "selling_date":"2023-11-26T00:00:00.000"
  },
  {
    "name":"Under Armour Charged Assert 9",
    "type":"Brownie",
    "total_produced":98916,
    "total_sold":55667,
    "damaged":18621,
    "month":"October",
    "year":2017,
    "edition":"Special Release",
    "price":75,
    "gender":"Women",
    "sell_through_rate":56.2770431477,
    "damage_rate":18.8250636904,
    "unsold_inventory":24628,
    "estimated_revenue":4175025,
    "quarter":"Q4",
    "date":"2017-10-01T00:00:00.000",
    "is_limited_edition":1,
    "price_bucket":"Mid",
    "manufacturing_date":"2017-10-01T00:00:00.000",
    "selling_date":"2017-12-11T00:00:00.000"
  },
  {
    "name":"Fila Disruptor II Premium",
    "type":"Classic",
    "total_produced":86380,
    "total_sold":23537,
    "damaged":60079,
    "month":"December",
    "year":2018,
    "edition":"Holiday",
    "price":70,
    "gender":"Women",
    "sell_through_rate":27.2482056031,
    "damage_rate":69.5519796249,
    "unsold_inventory":2764,
    "estimated_revenue":1647590,
    "quarter":"Q4",
    "date":"2018-12-01T00:00:00.000",
    "is_limited_edition":0,
    "price_bucket":"Mid",
    "manufacturing_date":"2018-12-01T00:00:00.000",
    "selling_date":"2019-02-03T00:00:00.000"
  },
  {
    "name":"ASICS Gel-Quantum 90",
    "type":"Peanut Butter",
    "total_produced":87993,
    "total_sold":16104,
    "damaged":40577,
    "month":"April",
    "year":2021,
    "edition":"Anniversary",
    "price":100,
    "gender":"Women",
    "sell_through_rate":18.3014557976,
    "damage_rate":46.1138954235,
    "unsold_inventory":31312,
    "estimated_revenue":1610400,
    "quarter":"Q2",
    "date":"2021-04-01T00:00:00.000",
    "is_limited_edition":0,
    "price_bucket":"Mid",
    "manufacturing_date":"2021-04-01T00:00:00.000",
    "selling_date":"2021-05-08T00:00:00.000"
  },
  {
    "name":"Skechers D'Lites",
    "type":"White Chocolate",
    "total_produced":26750,
    "total_sold":22248,
    "damaged":765,
    "month":"March",
    "year":2022,
    "edition":"Anniversary",
    "price":75,
    "gender":"Men",
    "sell_through_rate":83.1700934579,
    "damage_rate":2.8598130841,
    "unsold_inventory":3737,
    "estimated_revenue":1668600,
    "quarter":"Q1",
    "date":"2022-03-01T00:00:00.000",
    "is_limited_edition":0,
    "price_bucket":"Mid",
    "manufacturing_date":"2022-03-01T00:00:00.000",
    "selling_date":"2022-04-15T00:00:00.000"
  },
  {
    "name":"Vans Old Skool",
    "type":"Almond",
    "total_produced":50483,
    "total_sold":16813,
    "damaged":14037,
    "month":"October",
    "year":2018,
    "edition":"Anniversary",
    "price":70,
    "gender":"Men",
    "sell_through_rate":33.3042806489,
    "damage_rate":27.8053998376,
    "unsold_inventory":19633,
    "estimated_revenue":1176910,
    "quarter":"Q4",
    "date":"2018-10-01T00:00:00.000",
    "is_limited_edition":0,
    "price_bucket":"Mid",
    "manufacturing_date":"2018-10-01T00:00:00.000",
    "selling_date":"2018-11-26T00:00:00.000"
  },
  {
    "name":"Onitsuka Tiger Mexico 66",
    "type":"Peanut Butter",
    "total_produced":20114,
    "total_sold":9846,
    "damaged":1657,
    "month":"September",
    "year":2020,
    "edition":"Special Release",
    "price":100,
    "gender":"Men",
    "sell_through_rate":48.9509794173,
    "damage_rate":8.238043154,
    "unsold_inventory":8611,
    "estimated_revenue":984600,
    "quarter":"Q3",
    "date":"2020-09-01T00:00:00.000",
    "is_limited_edition":1,
    "price_bucket":"Mid",
    "manufacturing_date":"2020-09-01T00:00:00.000",
    "selling_date":"2020-09-22T00:00:00.000"
  },
  {
    "name":"Lacoste Carnaby Evo",
    "type":"Creamy",
    "total_produced":54140,
    "total_sold":45503,
    "damaged":2147,
    "month":"September",
    "year":2021,
    "edition":"Anniversary",
    "price":95,
    "gender":"Men",
    "sell_through_rate":84.0469154045,
    "damage_rate":3.965644625,
    "unsold_inventory":6490,
    "estimated_revenue":4322785,
    "quarter":"Q3",
    "date":"2021-09-01T00:00:00.000",
    "is_limited_edition":0,
    "price_bucket":"Mid",
    "manufacturing_date":"2021-09-01T00:00:00.000",
    "selling_date":"2021-10-01T00:00:00.000"
  },
  {
    "name":"Superga 2750 Cotu Classic",
    "type":"White Chocolate",
    "total_produced":91885,
    "total_sold":26697,
    "damaged":47263,
    "month":"November",
    "year":2019,
    "edition":"Standard",
    "price":65,
    "gender":"Men",
    "sell_through_rate":29.0547967568,
    "damage_rate":51.4371224901,
    "unsold_inventory":17925,
    "estimated_revenue":1735305,
    "quarter":"Q4",
    "date":"2019-11-01T00:00:00.000",
    "is_limited_edition":0,
    "price_bucket":"Mid",
    "manufacturing_date":"2019-11-01T00:00:00.000",
    "selling_date":"2020-01-14T00:00:00.000"
  },
  {
    "name":"Hoka One One Clifton 8",
    "type":"Crisper",
    "total_produced":90031,
    "total_sold":42346,
    "damaged":29420,
    "month":"August",
    "year":2017,
    "edition":"Special Release",
    "price":140,
    "gender":"Women",
    "sell_through_rate":47.0349101976,
    "damage_rate":32.6776332597,
    "unsold_inventory":18265,
    "estimated_revenue":5928440,
    "quarter":"Q3",
    "date":"2017-08-01T00:00:00.000",
    "is_limited_edition":1,
    "price_bucket":"High",
    "manufacturing_date":"2017-08-01T00:00:00.000",
    "selling_date":"2017-08-17T00:00:00.000"
  },
  {
    "name":"Saucony Jazz Original",
    "type":"White Chocolate",
    "total_produced":35430,
    "total_sold":17053,
    "damaged":14437,
    "month":"March",
    "year":2020,
    "edition":"Holiday",
    "price":80,
    "gender":"Women",
    "sell_through_rate":48.1315269546,
    "damage_rate":40.7479537115,
    "unsold_inventory":3940,
    "estimated_revenue":1364240,
    "quarter":"Q1",
    "date":"2020-03-01T00:00:00.000",
    "is_limited_edition":0,
    "price_bucket":"Mid",
    "manufacturing_date":"2020-03-01T00:00:00.000",
    "selling_date":"2020-03-16T00:00:00.000"
  },
  {
    "name":"Columbia Trailstorm Waterproof",
    "type":"Peanut Butter",
    "total_produced":36174,
    "total_sold":31255,
    "damaged":1133,
    "month":"October",
    "year":2024,
    "edition":"Holiday",
    "price":110,
    "gender":"Women",
    "sell_through_rate":86.4018355725,
    "damage_rate":3.1320838171,
    "unsold_inventory":3786,
    "estimated_revenue":3438050,
    "quarter":"Q4",
    "date":"2024-10-01T00:00:00.000",
    "is_limited_edition":0,
    "price_bucket":"High",
    "manufacturing_date":"2024-10-01T00:00:00.000",
    "selling_date":"2024-12-02T00:00:00.000"
  },
  {
    "name":"Nike Air Force 1 '07 Sneakers",
    "type":"White Chocolate",
    "total_produced":58655,
    "total_sold":41342,
    "damaged":3361,
    "month":"December",
    "year":2022,
    "edition":"Special Release",
    "price":115,
    "gender":"Women",
    "sell_through_rate":70.4833347541,
    "damage_rate":5.7301167846,
    "unsold_inventory":13952,
    "estimated_revenue":4754330,
    "quarter":"Q4",
    "date":"2022-12-01T00:00:00.000",
    "is_limited_edition":1,
    "price_bucket":"High",
    "manufacturing_date":"2022-12-01T00:00:00.000",
    "selling_date":"2022-12-27T00:00:00.000"
  },
  {
    "name":"Adidas Originals Samba OG Shoes",
    "type":"Classic",
    "total_produced":31012,
    "total_sold":13938,
    "damaged":14723,
    "month":"October",
    "year":2020,
    "edition":"Limited",
    "price":100,
    "gender":"Men",
    "sell_through_rate":44.9438926867,
    "damage_rate":47.4751709016,
    "unsold_inventory":2351,
    "estimated_revenue":1393800,
    "quarter":"Q4",
    "date":"2020-10-01T00:00:00.000",
    "is_limited_edition":1,
    "price_bucket":"Mid",
    "manufacturing_date":"2020-10-01T00:00:00.000",
    "selling_date":"2020-12-23T00:00:00.000"
  },
  {
    "name":"Air Jordan 1 Mid Shoes",
    "type":"Peanut Butter",
    "total_produced":69130,
    "total_sold":62975,
    "damaged":2863,
    "month":"April",
    "year":2015,
    "edition":"Anniversary",
    "price":110,
    "gender":"Women",
    "sell_through_rate":91.0964848836,
    "damage_rate":4.1414725879,
    "unsold_inventory":3292,
    "estimated_revenue":6927250,
    "quarter":"Q2",
    "date":"2015-04-01T00:00:00.000",
    "is_limited_edition":0,
    "price_bucket":"High",
    "manufacturing_date":"2015-04-01T00:00:00.000",
    "selling_date":"2015-05-22T00:00:00.000"
  },
  {
    "name":"Red Tape Casual Sneakers",
    "type":"Peanut Butter",
    "total_produced":60615,
    "total_sold":10348,
    "damaged":24570,
    "month":"July",
    "year":2017,
    "edition":"Standard",
    "price":35,
    "gender":"Men",
    "sell_through_rate":17.0716819269,
    "damage_rate":40.5345211581,
    "unsold_inventory":25697,
    "estimated_revenue":362180,
    "quarter":"Q3",
    "date":"2017-07-01T00:00:00.000",
    "is_limited_edition":0,
    "price_bucket":"Low",
    "manufacturing_date":"2017-07-01T00:00:00.000",
    "selling_date":"2017-08-16T00:00:00.000"
  },
  {
    "name":"Nike Court Vision Low Shoes",
    "type":"White Chocolate",
    "total_produced":95191,
    "total_sold":48947,
    "damaged":9571,
    "month":"July",
    "year":2016,
    "edition":"Standard",
    "price":80,
    "gender":"Women",
    "sell_through_rate":51.4197770798,
    "damage_rate":10.0545219611,
    "unsold_inventory":36673,
    "estimated_revenue":3915760,
    "quarter":"Q3",
    "date":"2016-07-01T00:00:00.000",
    "is_limited_edition":0,
    "price_bucket":"Mid",
    "manufacturing_date":"2016-07-01T00:00:00.000",
    "selling_date":"2016-07-24T00:00:00.000"
  },
  {
    "name":"Puma Smash V2 Sneakers",
    "type":"Creamy",
    "total_produced":28191,
    "total_sold":28119,
    "damaged":60,
    "month":"January",
    "year":2020,
    "edition":"Special Release",
    "price":65,
    "gender":"Men",
    "sell_through_rate":99.7445993402,
    "damage_rate":0.2128338832,
    "unsold_inventory":12,
    "estimated_revenue":1827735,
    "quarter":"Q1",
    "date":"2020-01-01T00:00:00.000",
    "is_limited_edition":1,
    "price_bucket":"Mid",
    "manufacturing_date":"2020-01-01T00:00:00.000",
    "selling_date":"2020-02-03T00:00:00.000"
  },
  {
    "name":"Converse Chuck Taylor All Star",
    "type":"Classic",
    "total_produced":43544,
    "total_sold":19133,
    "damaged":4899,
    "month":"February",
    "year":2021,
    "edition":"Special Release",
    "price":60,
    "gender":"Men",
    "sell_through_rate":43.9394635311,
    "damage_rate":11.2506889583,
    "unsold_inventory":19512,
    "estimated_revenue":1147980,
    "quarter":"Q1",
    "date":"2021-02-01T00:00:00.000",
    "is_limited_edition":1,
    "price_bucket":"Mid",
    "manufacturing_date":"2021-02-01T00:00:00.000",
    "selling_date":"2021-04-04T00:00:00.000"
  },
  {
    "name":"New Balance 574 Core",
    "type":"White Chocolate",
    "total_produced":47762,
    "total_sold":20573,
    "damaged":9868,
    "month":"May",
    "year":2016,
    "edition":"Standard",
    "price":90,
    "gender":"Women",
    "sell_through_rate":43.0739918764,
    "damage_rate":20.6607763494,
    "unsold_inventory":17321,
    "estimated_revenue":1851570,
    "quarter":"Q2",
    "date":"2016-05-01T00:00:00.000",
    "is_limited_edition":0,
    "price_bucket":"Mid",
    "manufacturing_date":"2016-05-01T00:00:00.000",
    "selling_date":"2016-05-18T00:00:00.000"
  },
  {
    "name":"Reebok Classic Leather",
    "type":"Classic",
    "total_produced":24530,
    "total_sold":21378,
    "damaged":2444,
    "month":"January",
    "year":2021,
    "edition":"Standard",
    "price":85,
    "gender":"Men",
    "sell_through_rate":87.1504280473,
    "damage_rate":9.9633102324,
    "unsold_inventory":708,
    "estimated_revenue":1817130,
    "quarter":"Q1",
    "date":"2021-01-01T00:00:00.000",
    "is_limited_edition":0,
    "price_bucket":"Mid",
    "manufacturing_date":"2021-01-01T00:00:00.000",
    "selling_date":"2021-02-04T00:00:00.000"
  },
  {
    "name":"Under Armour Charged Assert 9",
    "type":"Creamy",
    "total_produced":28818,
    "total_sold":14544,
    "damaged":7032,
    "month":"January",
    "year":2015,
    "edition":"Special Release",
    "price":75,
    "gender":"Women",
    "sell_through_rate":50.4684572142,
    "damage_rate":24.4014157818,
    "unsold_inventory":7242,
    "estimated_revenue":1090800,
    "quarter":"Q1",
    "date":"2015-01-01T00:00:00.000",
    "is_limited_edition":1,
    "price_bucket":"Mid",
    "manufacturing_date":"2015-01-01T00:00:00.000",
    "selling_date":"2015-02-08T00:00:00.000"
  },
  {
    "name":"Fila Disruptor II Premium",
    "type":"Peanut Butter",
    "total_produced":97080,
    "total_sold":92584,
    "damaged":701,
    "month":"November",
    "year":2020,
    "edition":"Holiday",
    "price":70,
    "gender":"Men",
    "sell_through_rate":95.3687680264,
    "damage_rate":0.7220848785,
    "unsold_inventory":3795,
    "estimated_revenue":6480880,
    "quarter":"Q4",
    "date":"2020-11-01T00:00:00.000",
    "is_limited_edition":0,
    "price_bucket":"Mid",
    "manufacturing_date":"2020-11-01T00:00:00.000",
    "selling_date":"2021-01-08T00:00:00.000"
  },
  {
    "name":"ASICS Gel-Quantum 90",
    "type":"Crisper",
    "total_produced":71621,
    "total_sold":10706,
    "damaged":41659,
    "month":"May",
    "year":2019,
    "edition":"Holiday",
    "price":100,
    "gender":"Men",
    "sell_through_rate":14.9481297385,
    "damage_rate":58.1659010625,
    "unsold_inventory":19256,
    "estimated_revenue":1070600,
    "quarter":"Q2",
    "date":"2019-05-01T00:00:00.000",
    "is_limited_edition":0,
    "price_bucket":"Mid",
    "manufacturing_date":"2019-05-01T00:00:00.000",
    "selling_date":"2019-06-17T00:00:00.000"
  },
  {
    "name":"Skechers D'Lites",
    "type":"Almond",
    "total_produced":18855,
    "total_sold":10649,
    "damaged":3950,
    "month":"March",
    "year":2023,
    "edition":"Standard",
    "price":75,
    "gender":"Women",
    "sell_through_rate":56.4783876956,
    "damage_rate":20.949350305,
    "unsold_inventory":4256,
    "estimated_revenue":798675,
    "quarter":"Q1",
    "date":"2023-03-01T00:00:00.000",
    "is_limited_edition":0,
    "price_bucket":"Mid",
    "manufacturing_date":"2023-03-01T00:00:00.000",
    "selling_date":"2023-04-08T00:00:00.000"
  },
  {
    "name":"Vans Old Skool",
    "type":"Peanut Butter",
    "total_produced":15811,
    "total_sold":10772,
    "damaged":4472,
    "month":"October",
    "year":2018,
    "edition":"Limited",
    "price":70,
    "gender":"Women",
    "sell_through_rate":68.1297830624,
    "damage_rate":28.2841060022,
    "unsold_inventory":567,
    "estimated_revenue":754040,
    "quarter":"Q4",
    "date":"2018-10-01T00:00:00.000",
    "is_limited_edition":1,
    "price_bucket":"Mid",
    "manufacturing_date":"2018-10-01T00:00:00.000",
    "selling_date":"2018-12-29T00:00:00.000"
  },
  {
    "name":"Onitsuka Tiger Mexico 66",
    "type":"Creamy",
    "total_produced":72722,
    "total_sold":28891,
    "damaged":8837,
    "month":"September",
    "year":2015,
    "edition":"Anniversary",
    "price":100,
    "gender":"Men",
    "sell_through_rate":39.7280052804,
    "damage_rate":12.1517560023,
    "unsold_inventory":34994,
    "estimated_revenue":2889100,
    "quarter":"Q3",
    "date":"2015-09-01T00:00:00.000",
    "is_limited_edition":0,
    "price_bucket":"Mid",
    "manufacturing_date":"2015-09-01T00:00:00.000",
    "selling_date":"2015-11-26T00:00:00.000"
  },
  {
    "name":"Lacoste Carnaby Evo",
    "type":"Classic",
    "total_produced":36144,
    "total_sold":34025,
    "damaged":171,
    "month":"July",
    "year":2018,
    "edition":"Holiday",
    "price":95,
    "gender":"Women",
    "sell_through_rate":94.1373395308,
    "damage_rate":0.4731075697,
    "unsold_inventory":1948,
    "estimated_revenue":3232375,
    "quarter":"Q3",
    "date":"2018-07-01T00:00:00.000",
    "is_limited_edition":0,
    "price_bucket":"Mid",
    "manufacturing_date":"2018-07-01T00:00:00.000",
    "selling_date":"2018-08-20T00:00:00.000"
  },
  {
    "name":"Superga 2750 Cotu Classic",
    "type":"Almond",
    "total_produced":14799,
    "total_sold":8131,
    "damaged":2343,
    "month":"January",
    "year":2019,
    "edition":"Standard",
    "price":65,
    "gender":"Women",
    "sell_through_rate":54.9429015474,
    "damage_rate":15.832150821,
    "unsold_inventory":4325,
    "estimated_revenue":528515,
    "quarter":"Q1",
    "date":"2019-01-01T00:00:00.000",
    "is_limited_edition":0,
    "price_bucket":"Mid",
    "manufacturing_date":"2019-01-01T00:00:00.000",
    "selling_date":"2019-02-22T00:00:00.000"
  },
  {
    "name":"Hoka One One Clifton 8",
    "type":"Almond",
    "total_produced":26315,
    "total_sold":17059,
    "damaged":7159,
    "month":"December",
    "year":2024,
    "edition":"Anniversary",
    "price":140,
    "gender":"Women",
    "sell_through_rate":64.8261447843,
    "damage_rate":27.2050161505,
    "unsold_inventory":2097,
    "estimated_revenue":2388260,
    "quarter":"Q4",
    "date":"2024-12-01T00:00:00.000",
    "is_limited_edition":0,
    "price_bucket":"High",
    "manufacturing_date":"2024-12-01T00:00:00.000",
    "selling_date":"2025-01-09T00:00:00.000"
  },
  {
    "name":"Saucony Jazz Original",
    "type":"Almond",
    "total_produced":34486,
    "total_sold":21259,
    "damaged":11338,
    "month":"July",
    "year":2020,
    "edition":"Holiday",
    "price":80,
    "gender":"Women",
    "sell_through_rate":61.6453053413,
    "damage_rate":32.8771095517,
    "unsold_inventory":1889,
    "estimated_revenue":1700720,
    "quarter":"Q3",
    "date":"2020-07-01T00:00:00.000",
    "is_limited_edition":0,
    "price_bucket":"Mid",
    "manufacturing_date":"2020-07-01T00:00:00.000",
    "selling_date":"2020-08-02T00:00:00.000"
  },
  {
    "name":"Columbia Trailstorm Waterproof",
    "type":"White Chocolate",
    "total_produced":20828,
    "total_sold":16912,
    "damaged":1738,
    "month":"November",
    "year":2015,
    "edition":"Anniversary",
    "price":110,
    "gender":"Men",
    "sell_through_rate":81.198386787,
    "damage_rate":8.3445362013,
    "unsold_inventory":2178,
    "estimated_revenue":1860320,
    "quarter":"Q4",
    "date":"2015-11-01T00:00:00.000",
    "is_limited_edition":0,
    "price_bucket":"High",
    "manufacturing_date":"2015-11-01T00:00:00.000",
    "selling_date":"2016-01-20T00:00:00.000"
  },
  {
    "name":"Nike Air Force 1 '07 Sneakers",
    "type":"Brownie",
    "total_produced":48504,
    "total_sold":26050,
    "damaged":3361,
    "month":"November",
    "year":2015,
    "edition":"Holiday",
    "price":115,
    "gender":"Women",
    "sell_through_rate":53.7069107702,
    "damage_rate":6.9293254165,
    "unsold_inventory":19093,
    "estimated_revenue":2995750,
    "quarter":"Q4",
    "date":"2015-11-01T00:00:00.000",
    "is_limited_edition":0,
    "price_bucket":"High",
    "manufacturing_date":"2015-11-01T00:00:00.000",
    "selling_date":"2016-01-08T00:00:00.000"
  },
  {
    "name":"Adidas Originals Samba OG Shoes",
    "type":"Crisper",
    "total_produced":88986,
    "total_sold":60851,
    "damaged":5460,
    "month":"September",
    "year":2022,
    "edition":"Anniversary",
    "price":100,
    "gender":"Men",
    "sell_through_rate":68.3826669364,
    "damage_rate":6.1357966422,
    "unsold_inventory":22675,
    "estimated_revenue":6085100,
    "quarter":"Q3",
    "date":"2022-09-01T00:00:00.000",
    "is_limited_edition":0,
    "price_bucket":"Mid",
    "manufacturing_date":"2022-09-01T00:00:00.000",
    "selling_date":"2022-10-20T00:00:00.000"
  },
  {
    "name":"Air Jordan 1 Mid Shoes",
    "type":"Creamy",
    "total_produced":56210,
    "total_sold":45294,
    "damaged":7126,
    "month":"January",
    "year":2018,
    "edition":"Standard",
    "price":110,
    "gender":"Women",
    "sell_through_rate":80.5799679772,
    "damage_rate":12.6774595268,
    "unsold_inventory":3790,
    "estimated_revenue":4982340,
    "quarter":"Q1",
    "date":"2018-01-01T00:00:00.000",
    "is_limited_edition":0,
    "price_bucket":"High",
    "manufacturing_date":"2018-01-01T00:00:00.000",
    "selling_date":"2018-03-17T00:00:00.000"
  },
  {
    "name":"Red Tape Casual Sneakers",
    "type":"Almond",
    "total_produced":77251,
    "total_sold":25969,
    "damaged":2040,
    "month":"August",
    "year":2016,
    "edition":"Special Release",
    "price":35,
    "gender":"Women",
    "sell_through_rate":33.6163933153,
    "damage_rate":2.6407425147,
    "unsold_inventory":49242,
    "estimated_revenue":908915,
    "quarter":"Q3",
    "date":"2016-08-01T00:00:00.000",
    "is_limited_edition":1,
    "price_bucket":"Low",
    "manufacturing_date":"2016-08-01T00:00:00.000",
    "selling_date":"2016-09-25T00:00:00.000"
  },
  {
    "name":"Nike Court Vision Low Shoes",
    "type":"Classic",
    "total_produced":26545,
    "total_sold":7203,
    "damaged":7733,
    "month":"September",
    "year":2023,
    "edition":"Holiday",
    "price":80,
    "gender":"Men",
    "sell_through_rate":27.1350536824,
    "damage_rate":29.1316632134,
    "unsold_inventory":11609,
    "estimated_revenue":576240,
    "quarter":"Q3",
    "date":"2023-09-01T00:00:00.000",
    "is_limited_edition":0,
    "price_bucket":"Mid",
    "manufacturing_date":"2023-09-01T00:00:00.000",
    "selling_date":"2023-10-18T00:00:00.000"
  },
  {
    "name":"Puma Smash V2 Sneakers",
    "type":"Brownie",
    "total_produced":30111,
    "total_sold":27251,
    "damaged":1842,
    "month":"February",
    "year":2019,
    "edition":"Holiday",
    "price":65,
    "gender":"Men",
    "sell_through_rate":90.5018099698,
    "damage_rate":6.1173657467,
    "unsold_inventory":1018,
    "estimated_revenue":1771315,
    "quarter":"Q1",
    "date":"2019-02-01T00:00:00.000",
    "is_limited_edition":0,
    "price_bucket":"Mid",
    "manufacturing_date":"2019-02-01T00:00:00.000",
    "selling_date":"2019-04-24T00:00:00.000"
  },
  {
    "name":"Converse Chuck Taylor All Star",
    "type":"Brownie",
    "total_produced":28047,
    "total_sold":22349,
    "damaged":3006,
    "month":"June",
    "year":2019,
    "edition":"Holiday",
    "price":60,
    "gender":"Men",
    "sell_through_rate":79.6841016865,
    "damage_rate":10.7177238207,
    "unsold_inventory":2692,
    "estimated_revenue":1340940,
    "quarter":"Q2",
    "date":"2019-06-01T00:00:00.000",
    "is_limited_edition":0,
    "price_bucket":"Mid",
    "manufacturing_date":"2019-06-01T00:00:00.000",
    "selling_date":"2019-07-18T00:00:00.000"
  },
  {
    "name":"New Balance 574 Core",
    "type":"Classic",
    "total_produced":13396,
    "total_sold":8048,
    "damaged":4088,
    "month":"October",
    "year":2020,
    "edition":"Anniversary",
    "price":90,
    "gender":"Men",
    "sell_through_rate":60.077635115,
    "damage_rate":30.5165721111,
    "unsold_inventory":1260,
    "estimated_revenue":724320,
    "quarter":"Q4",
    "date":"2020-10-01T00:00:00.000",
    "is_limited_edition":0,
    "price_bucket":"Mid",
    "manufacturing_date":"2020-10-01T00:00:00.000",
    "selling_date":"2020-10-29T00:00:00.000"
  },
  {
    "name":"Reebok Classic Leather",
    "type":"Almond",
    "total_produced":44116,
    "total_sold":34246,
    "damaged":3515,
    "month":"November",
    "year":2021,
    "edition":"Holiday",
    "price":85,
    "gender":"Women",
    "sell_through_rate":77.6271647475,
    "damage_rate":7.9676307915,
    "unsold_inventory":6355,
    "estimated_revenue":2910910,
    "quarter":"Q4",
    "date":"2021-11-01T00:00:00.000",
    "is_limited_edition":0,
    "price_bucket":"Mid",
    "manufacturing_date":"2021-11-01T00:00:00.000",
    "selling_date":"2021-12-06T00:00:00.000"
  },
  {
    "name":"Under Armour Charged Assert 9",
    "type":"Peanut Butter",
    "total_produced":26074,
    "total_sold":9447,
    "damaged":2426,
    "month":"January",
    "year":2020,
    "edition":"Limited",
    "price":75,
    "gender":"Women",
    "sell_through_rate":36.2314949758,
    "damage_rate":9.3042877963,
    "unsold_inventory":14201,
    "estimated_revenue":708525,
    "quarter":"Q1",
    "date":"2020-01-01T00:00:00.000",
    "is_limited_edition":1,
    "price_bucket":"Mid",
    "manufacturing_date":"2020-01-01T00:00:00.000",
    "selling_date":"2020-03-03T00:00:00.000"
  },
  {
    "name":"Fila Disruptor II Premium",
    "type":"Classic",
    "total_produced":99381,
    "total_sold":46889,
    "damaged":43767,
    "month":"November",
    "year":2018,
    "edition":"Standard",
    "price":70,
    "gender":"Women",
    "sell_through_rate":47.1810507039,
    "damage_rate":44.0396051559,
    "unsold_inventory":8725,
    "estimated_revenue":3282230,
    "quarter":"Q4",
    "date":"2018-11-01T00:00:00.000",
    "is_limited_edition":0,
    "price_bucket":"Mid",
    "manufacturing_date":"2018-11-01T00:00:00.000",
    "selling_date":"2018-12-05T00:00:00.000"
  },
  {
    "name":"ASICS Gel-Quantum 90",
    "type":"Almond",
    "total_produced":30644,
    "total_sold":28324,
    "damaged":713,
    "month":"November",
    "year":2023,
    "edition":"Holiday",
    "price":100,
    "gender":"Men",
    "sell_through_rate":92.4291867902,
    "damage_rate":2.3267197494,
    "unsold_inventory":1607,
    "estimated_revenue":2832400,
    "quarter":"Q4",
    "date":"2023-11-01T00:00:00.000",
    "is_limited_edition":0,
    "price_bucket":"Mid",
    "manufacturing_date":"2023-11-01T00:00:00.000",
    "selling_date":"2023-11-23T00:00:00.000"
  },
  {
    "name":"Skechers D'Lites",
    "type":"Peanut Butter",
    "total_produced":28202,
    "total_sold":12757,
    "damaged":12949,
    "month":"July",
    "year":2020,
    "edition":"Standard",
    "price":75,
    "gender":"Women",
    "sell_through_rate":45.2343805404,
    "damage_rate":45.9151833203,
    "unsold_inventory":2496,
    "estimated_revenue":956775,
    "quarter":"Q3",
    "date":"2020-07-01T00:00:00.000",
    "is_limited_edition":0,
    "price_bucket":"Mid",
    "manufacturing_date":"2020-07-01T00:00:00.000",
    "selling_date":"2020-07-22T00:00:00.000"
  },
  {
    "name":"Vans Old Skool",
    "type":"Crisper",
    "total_produced":82305,
    "total_sold":22009,
    "damaged":40104,
    "month":"November",
    "year":2024,
    "edition":"Standard",
    "price":70,
    "gender":"Women",
    "sell_through_rate":26.7407812405,
    "damage_rate":48.726079825,
    "unsold_inventory":20192,
    "estimated_revenue":1540630,
    "quarter":"Q4",
    "date":"2024-11-01T00:00:00.000",
    "is_limited_edition":0,
    "price_bucket":"Mid",
    "manufacturing_date":"2024-11-01T00:00:00.000",
    "selling_date":"2025-01-21T00:00:00.000"
  },
  {
    "name":"Onitsuka Tiger Mexico 66",
    "type":"Creamy",
    "total_produced":72739,
    "total_sold":58843,
    "damaged":12601,
    "month":"August",
    "year":2019,
    "edition":"Special Release",
    "price":100,
    "gender":"Women",
    "sell_through_rate":80.896080507,
    "damage_rate":17.3235815725,
    "unsold_inventory":1295,
    "estimated_revenue":5884300,
    "quarter":"Q3",
    "date":"2019-08-01T00:00:00.000",
    "is_limited_edition":1,
    "price_bucket":"Mid",
    "manufacturing_date":"2019-08-01T00:00:00.000",
    "selling_date":"2019-09-01T00:00:00.000"
  },
  {
    "name":"Lacoste Carnaby Evo",
    "type":"Creamy",
    "total_produced":19720,
    "total_sold":12372,
    "damaged":3816,
    "month":"August",
    "year":2022,
    "edition":"Special Release",
    "price":95,
    "gender":"Men",
    "sell_through_rate":62.738336714,
    "damage_rate":19.3509127789,
    "unsold_inventory":3532,
    "estimated_revenue":1175340,
    "quarter":"Q3",
    "date":"2022-08-01T00:00:00.000",
    "is_limited_edition":1,
    "price_bucket":"Mid",
    "manufacturing_date":"2022-08-01T00:00:00.000",
    "selling_date":"2022-09-17T00:00:00.000"
  },
  {
    "name":"Superga 2750 Cotu Classic",
    "type":"White Chocolate",
    "total_produced":26912,
    "total_sold":19176,
    "damaged":4119,
    "month":"September",
    "year":2024,
    "edition":"Standard",
    "price":65,
    "gender":"Men",
    "sell_through_rate":71.2544589774,
    "damage_rate":15.3054399524,
    "unsold_inventory":3617,
    "estimated_revenue":1246440,
    "quarter":"Q3",
    "date":"2024-09-01T00:00:00.000",
    "is_limited_edition":0,
    "price_bucket":"Mid",
    "manufacturing_date":"2024-09-01T00:00:00.000",
    "selling_date":"2024-11-02T00:00:00.000"
  },
  {
    "name":"Hoka One One Clifton 8",
    "type":"Almond",
    "total_produced":31581,
    "total_sold":10307,
    "damaged":10572,
    "month":"December",
    "year":2022,
    "edition":"Limited",
    "price":140,
    "gender":"Women",
    "sell_through_rate":32.6367119471,
    "damage_rate":33.4758240714,
    "unsold_inventory":10702,
    "estimated_revenue":1442980,
    "quarter":"Q4",
    "date":"2022-12-01T00:00:00.000",
    "is_limited_edition":1,
    "price_bucket":"High",
    "manufacturing_date":"2022-12-01T00:00:00.000",
    "selling_date":"2023-03-01T00:00:00.000"
  },
  {
    "name":"Saucony Jazz Original",
    "type":"White Chocolate",
    "total_produced":20336,
    "total_sold":9105,
    "damaged":3216,
    "month":"February",
    "year":2022,
    "edition":"Special Release",
    "price":80,
    "gender":"Women",
    "sell_through_rate":44.7728166798,
    "damage_rate":15.8143194335,
    "unsold_inventory":8015,
    "estimated_revenue":728400,
    "quarter":"Q1",
    "date":"2022-02-01T00:00:00.000",
    "is_limited_edition":1,
    "price_bucket":"Mid",
    "manufacturing_date":"2022-02-01T00:00:00.000",
    "selling_date":"2022-04-15T00:00:00.000"
  },
  {
    "name":"Columbia Trailstorm Waterproof",
    "type":"Brownie",
    "total_produced":79924,
    "total_sold":17245,
    "damaged":32936,
    "month":"March",
    "year":2022,
    "edition":"Limited",
    "price":110,
    "gender":"Men",
    "sell_through_rate":21.5767479105,
    "damage_rate":41.2091486913,
    "unsold_inventory":29743,
    "estimated_revenue":1896950,
    "quarter":"Q1",
    "date":"2022-03-01T00:00:00.000",
    "is_limited_edition":1,
    "price_bucket":"High",
    "manufacturing_date":"2022-03-01T00:00:00.000",
    "selling_date":"2022-04-06T00:00:00.000"
  },
  {
    "name":"Nike Air Force 1 '07 Sneakers",
    "type":"Peanut Butter",
    "total_produced":96341,
    "total_sold":86851,
    "damaged":5531,
    "month":"June",
    "year":2024,
    "edition":"Special Release",
    "price":115,
    "gender":"Men",
    "sell_through_rate":90.1495728714,
    "damage_rate":5.7410655899,
    "unsold_inventory":3959,
    "estimated_revenue":9987865,
    "quarter":"Q2",
    "date":"2024-06-01T00:00:00.000",
    "is_limited_edition":1,
    "price_bucket":"High",
    "manufacturing_date":"2024-06-01T00:00:00.000",
    "selling_date":"2024-07-15T00:00:00.000"
  },
  {
    "name":"Adidas Originals Samba OG Shoes",
    "type":"Classic",
    "total_produced":15958,
    "total_sold":15509,
    "damaged":394,
    "month":"June",
    "year":2021,
    "edition":"Holiday",
    "price":100,
    "gender":"Women",
    "sell_through_rate":97.186364206,
    "damage_rate":2.4689810753,
    "unsold_inventory":55,
    "estimated_revenue":1550900,
    "quarter":"Q2",
    "date":"2021-06-01T00:00:00.000",
    "is_limited_edition":0,
    "price_bucket":"Mid",
    "manufacturing_date":"2021-06-01T00:00:00.000",
    "selling_date":"2021-07-23T00:00:00.000"
  },
  {
    "name":"Air Jordan 1 Mid Shoes",
    "type":"Brownie",
    "total_produced":93753,
    "total_sold":8969,
    "damaged":65278,
    "month":"December",
    "year":2024,
    "edition":"Special Release",
    "price":110,
    "gender":"Women",
    "sell_through_rate":9.5666272013,
    "damage_rate":69.6276385822,
    "unsold_inventory":19506,
    "estimated_revenue":986590,
    "quarter":"Q4",
    "date":"2024-12-01T00:00:00.000",
    "is_limited_edition":1,
    "price_bucket":"High",
    "manufacturing_date":"2024-12-01T00:00:00.000",
    "selling_date":"2025-02-04T00:00:00.000"
  },
  {
    "name":"Red Tape Casual Sneakers",
    "type":"Crisper",
    "total_produced":42096,
    "total_sold":31613,
    "damaged":4873,
    "month":"February",
    "year":2020,
    "edition":"Standard",
    "price":35,
    "gender":"Men",
    "sell_through_rate":75.0973964272,
    "damage_rate":11.5759217028,
    "unsold_inventory":5610,
    "estimated_revenue":1106455,
    "quarter":"Q1",
    "date":"2020-02-01T00:00:00.000",
    "is_limited_edition":0,
    "price_bucket":"Low",
    "manufacturing_date":"2020-02-01T00:00:00.000",
    "selling_date":"2020-04-09T00:00:00.000"
  },
  {
    "name":"Nike Court Vision Low Shoes",
    "type":"Crisper",
    "total_produced":64476,
    "total_sold":36735,
    "damaged":15218,
    "month":"April",
    "year":2017,
    "edition":"Holiday",
    "price":80,
    "gender":"Women",
    "sell_through_rate":56.9746882561,
    "damage_rate":23.6025808053,
    "unsold_inventory":12523,
    "estimated_revenue":2938800,
    "quarter":"Q2",
    "date":"2017-04-01T00:00:00.000",
    "is_limited_edition":0,
    "price_bucket":"Mid",
    "manufacturing_date":"2017-04-01T00:00:00.000",
    "selling_date":"2017-04-23T00:00:00.000"
  },
  {
    "name":"Puma Smash V2 Sneakers",
    "type":"White Chocolate",
    "total_produced":51853,
    "total_sold":27634,
    "damaged":13065,
    "month":"June",
    "year":2016,
    "edition":"Holiday",
    "price":65,
    "gender":"Men",
    "sell_through_rate":53.2929627987,
    "damage_rate":25.1962277978,
    "unsold_inventory":11154,
    "estimated_revenue":1796210,
    "quarter":"Q2",
    "date":"2016-06-01T00:00:00.000",
    "is_limited_edition":0,
    "price_bucket":"Mid",
    "manufacturing_date":"2016-06-01T00:00:00.000",
    "selling_date":"2016-07-12T00:00:00.000"
  },
  {
    "name":"Converse Chuck Taylor All Star",
    "type":"Almond",
    "total_produced":41685,
    "total_sold":35570,
    "damaged":1003,
    "month":"December",
    "year":2017,
    "edition":"Anniversary",
    "price":60,
    "gender":"Men",
    "sell_through_rate":85.3304546,
    "damage_rate":2.4061412978,
    "unsold_inventory":5112,
    "estimated_revenue":2134200,
    "quarter":"Q4",
    "date":"2017-12-01T00:00:00.000",
    "is_limited_edition":0,
    "price_bucket":"Mid",
    "manufacturing_date":"2017-12-01T00:00:00.000",
    "selling_date":"2018-01-11T00:00:00.000"
  },
  {
    "name":"New Balance 574 Core",
    "type":"Classic",
    "total_produced":48038,
    "total_sold":30175,
    "damaged":13701,
    "month":"October",
    "year":2017,
    "edition":"Limited",
    "price":90,
    "gender":"Women",
    "sell_through_rate":62.8148549065,
    "damage_rate":28.5211707398,
    "unsold_inventory":4162,
    "estimated_revenue":2715750,
    "quarter":"Q4",
    "date":"2017-10-01T00:00:00.000",
    "is_limited_edition":1,
    "price_bucket":"Mid",
    "manufacturing_date":"2017-10-01T00:00:00.000",
    "selling_date":"2017-11-05T00:00:00.000"
  },
  {
    "name":"Reebok Classic Leather",
    "type":"Peanut Butter",
    "total_produced":30885,
    "total_sold":21327,
    "damaged":8433,
    "month":"March",
    "year":2020,
    "edition":"Anniversary",
    "price":85,
    "gender":"Women",
    "sell_through_rate":69.0529383196,
    "damage_rate":27.3045167557,
    "unsold_inventory":1125,
    "estimated_revenue":1812795,
    "quarter":"Q1",
    "date":"2020-03-01T00:00:00.000",
    "is_limited_edition":0,
    "price_bucket":"Mid",
    "manufacturing_date":"2020-03-01T00:00:00.000",
    "selling_date":"2020-04-14T00:00:00.000"
  },
  {
    "name":"Under Armour Charged Assert 9",
    "type":"Classic",
    "total_produced":21802,
    "total_sold":17885,
    "damaged":2070,
    "month":"February",
    "year":2020,
    "edition":"Limited",
    "price":75,
    "gender":"Women",
    "sell_through_rate":82.0337583708,
    "damage_rate":9.4945417852,
    "unsold_inventory":1847,
    "estimated_revenue":1341375,
    "quarter":"Q1",
    "date":"2020-02-01T00:00:00.000",
    "is_limited_edition":1,
    "price_bucket":"Mid",
    "manufacturing_date":"2020-02-01T00:00:00.000",
    "selling_date":"2020-03-14T00:00:00.000"
  },
  {
    "name":"Fila Disruptor II Premium",
    "type":"Classic",
    "total_produced":16624,
    "total_sold":9609,
    "damaged":4054,
    "month":"September",
    "year":2021,
    "edition":"Anniversary",
    "price":70,
    "gender":"Men",
    "sell_through_rate":57.801973051,
    "damage_rate":24.3864292589,
    "unsold_inventory":2961,
    "estimated_revenue":672630,
    "quarter":"Q3",
    "date":"2021-09-01T00:00:00.000",
    "is_limited_edition":0,
    "price_bucket":"Mid",
    "manufacturing_date":"2021-09-01T00:00:00.000",
    "selling_date":"2021-11-18T00:00:00.000"
  },
  {
    "name":"ASICS Gel-Quantum 90",
    "type":"White Chocolate",
    "total_produced":24089,
    "total_sold":19120,
    "damaged":1097,
    "month":"November",
    "year":2024,
    "edition":"Holiday",
    "price":100,
    "gender":"Women",
    "sell_through_rate":79.3723276184,
    "damage_rate":4.5539457844,
    "unsold_inventory":3872,
    "estimated_revenue":1912000,
    "quarter":"Q4",
    "date":"2024-11-01T00:00:00.000",
    "is_limited_edition":0,
    "price_bucket":"Mid",
    "manufacturing_date":"2024-11-01T00:00:00.000",
    "selling_date":"2025-01-23T00:00:00.000"
  },
  {
    "name":"Skechers D'Lites",
    "type":"Almond",
    "total_produced":15930,
    "total_sold":11563,
    "damaged":419,
    "month":"May",
    "year":2021,
    "edition":"Special Release",
    "price":75,
    "gender":"Women",
    "sell_through_rate":72.5863151287,
    "damage_rate":2.630257376,
    "unsold_inventory":3948,
    "estimated_revenue":867225,
    "quarter":"Q2",
    "date":"2021-05-01T00:00:00.000",
    "is_limited_edition":1,
    "price_bucket":"Mid",
    "manufacturing_date":"2021-05-01T00:00:00.000",
    "selling_date":"2021-07-15T00:00:00.000"
  },
  {
    "name":"Vans Old Skool",
    "type":"Classic",
    "total_produced":60639,
    "total_sold":38046,
    "damaged":14757,
    "month":"July",
    "year":2023,
    "edition":"Special Release",
    "price":70,
    "gender":"Men",
    "sell_through_rate":62.7417998318,
    "damage_rate":24.3358234799,
    "unsold_inventory":7836,
    "estimated_revenue":2663220,
    "quarter":"Q3",
    "date":"2023-07-01T00:00:00.000",
    "is_limited_edition":1,
    "price_bucket":"Mid",
    "manufacturing_date":"2023-07-01T00:00:00.000",
    "selling_date":"2023-09-01T00:00:00.000"
  },
  {
    "name":"Onitsuka Tiger Mexico 66",
    "type":"Peanut Butter",
    "total_produced":22672,
    "total_sold":17907,
    "damaged":3057,
    "month":"November",
    "year":2023,
    "edition":"Holiday",
    "price":100,
    "gender":"Women",
    "sell_through_rate":78.9828863797,
    "damage_rate":13.483592096,
    "unsold_inventory":1708,
    "estimated_revenue":1790700,
    "quarter":"Q4",
    "date":"2023-11-01T00:00:00.000",
    "is_limited_edition":0,
    "price_bucket":"Mid",
    "manufacturing_date":"2023-11-01T00:00:00.000",
    "selling_date":"2023-12-04T00:00:00.000"
  },
  {
    "name":"Lacoste Carnaby Evo",
    "type":"White Chocolate",
    "total_produced":28909,
    "total_sold":11522,
    "damaged":16682,
    "month":"July",
    "year":2019,
    "edition":"Special Release",
    "price":95,
    "gender":"Men",
    "sell_through_rate":39.8561001764,
    "damage_rate":57.7052129095,
    "unsold_inventory":705,
    "estimated_revenue":1094590,
    "quarter":"Q3",
    "date":"2019-07-01T00:00:00.000",
    "is_limited_edition":1,
    "price_bucket":"Mid",
    "manufacturing_date":"2019-07-01T00:00:00.000",
    "selling_date":"2019-07-19T00:00:00.000"
  },
  {
    "name":"Superga 2750 Cotu Classic",
    "type":"Peanut Butter",
    "total_produced":53652,
    "total_sold":36047,
    "damaged":17017,
    "month":"February",
    "year":2020,
    "edition":"Limited",
    "price":65,
    "gender":"Men",
    "sell_through_rate":67.1866845598,
    "damage_rate":31.7173637516,
    "unsold_inventory":588,
    "estimated_revenue":2343055,
    "quarter":"Q1",
    "date":"2020-02-01T00:00:00.000",
    "is_limited_edition":1,
    "price_bucket":"Mid",
    "manufacturing_date":"2020-02-01T00:00:00.000",
    "selling_date":"2020-03-21T00:00:00.000"
  },
  {
    "name":"Hoka One One Clifton 8",
    "type":"Almond",
    "total_produced":90356,
    "total_sold":46750,
    "damaged":10649,
    "month":"May",
    "year":2019,
    "edition":"Special Release",
    "price":140,
    "gender":"Women",
    "sell_through_rate":51.739784851,
    "damage_rate":11.7856036124,
    "unsold_inventory":32957,
    "estimated_revenue":6545000,
    "quarter":"Q2",
    "date":"2019-05-01T00:00:00.000",
    "is_limited_edition":1,
    "price_bucket":"High",
    "manufacturing_date":"2019-05-01T00:00:00.000",
    "selling_date":"2019-07-18T00:00:00.000"
  },
  {
    "name":"Saucony Jazz Original",
    "type":"Brownie",
    "total_produced":54089,
    "total_sold":38247,
    "damaged":13570,
    "month":"September",
    "year":2020,
    "edition":"Special Release",
    "price":80,
    "gender":"Women",
    "sell_through_rate":70.7112351865,
    "damage_rate":25.0882804267,
    "unsold_inventory":2272,
    "estimated_revenue":3059760,
    "quarter":"Q3",
    "date":"2020-09-01T00:00:00.000",
    "is_limited_edition":1,
    "price_bucket":"Mid",
    "manufacturing_date":"2020-09-01T00:00:00.000",
    "selling_date":"2020-11-03T00:00:00.000"
  },
  {
    "name":"Columbia Trailstorm Waterproof",
    "type":"Crisper",
    "total_produced":12180,
    "total_sold":8017,
    "damaged":2713,
    "month":"July",
    "year":2022,
    "edition":"Standard",
    "price":110,
    "gender":"Women",
    "sell_through_rate":65.8210180624,
    "damage_rate":22.2742200328,
    "unsold_inventory":1450,
    "estimated_revenue":881870,
    "quarter":"Q3",
    "date":"2022-07-01T00:00:00.000",
    "is_limited_edition":0,
    "price_bucket":"High",
    "manufacturing_date":"2022-07-01T00:00:00.000",
    "selling_date":"2022-08-01T00:00:00.000"
  },
  {
    "name":"Nike Air Force 1 '07 Sneakers",
    "type":"White Chocolate",
    "total_produced":92478,
    "total_sold":8492,
    "damaged":78238,
    "month":"April",
    "year":2020,
    "edition":"Holiday",
    "price":115,
    "gender":"Men",
    "sell_through_rate":9.1827245399,
    "damage_rate":84.6017431173,
    "unsold_inventory":5748,
    "estimated_revenue":976580,
    "quarter":"Q2",
    "date":"2020-04-01T00:00:00.000",
    "is_limited_edition":0,
    "price_bucket":"High",
    "manufacturing_date":"2020-04-01T00:00:00.000",
    "selling_date":"2020-05-29T00:00:00.000"
  },
  {
    "name":"Adidas Originals Samba OG Shoes",
    "type":"Creamy",
    "total_produced":16731,
    "total_sold":14560,
    "damaged":1967,
    "month":"November",
    "year":2016,
    "edition":"Special Release",
    "price":100,
    "gender":"Women",
    "sell_through_rate":87.0240870241,
    "damage_rate":11.7566194489,
    "unsold_inventory":204,
    "estimated_revenue":1456000,
    "quarter":"Q4",
    "date":"2016-11-01T00:00:00.000",
    "is_limited_edition":1,
    "price_bucket":"Mid",
    "manufacturing_date":"2016-11-01T00:00:00.000",
    "selling_date":"2016-12-15T00:00:00.000"
  },
  {
    "name":"Air Jordan 1 Mid Shoes",
    "type":"Peanut Butter",
    "total_produced":99224,
    "total_sold":36745,
    "damaged":2069,
    "month":"June",
    "year":2021,
    "edition":"Standard",
    "price":110,
    "gender":"Women",
    "sell_through_rate":37.0323712005,
    "damage_rate":2.0851810046,
    "unsold_inventory":60410,
    "estimated_revenue":4041950,
    "quarter":"Q2",
    "date":"2021-06-01T00:00:00.000",
    "is_limited_edition":0,
    "price_bucket":"High",
    "manufacturing_date":"2021-06-01T00:00:00.000",
    "selling_date":"2021-07-31T00:00:00.000"
  },
  {
    "name":"Red Tape Casual Sneakers",
    "type":"Almond",
    "total_produced":64890,
    "total_sold":14924,
    "damaged":27063,
    "month":"September",
    "year":2022,
    "edition":"Limited",
    "price":35,
    "gender":"Women",
    "sell_through_rate":22.9989212513,
    "damage_rate":41.705963939,
    "unsold_inventory":22903,
    "estimated_revenue":522340,
    "quarter":"Q3",
    "date":"2022-09-01T00:00:00.000",
    "is_limited_edition":1,
    "price_bucket":"Low",
    "manufacturing_date":"2022-09-01T00:00:00.000",
    "selling_date":"2022-09-21T00:00:00.000"
  },
  {
    "name":"Nike Court Vision Low Shoes",
    "type":"White Chocolate",
    "total_produced":18163,
    "total_sold":16563,
    "damaged":282,
    "month":"October",
    "year":2020,
    "edition":"Limited",
    "price":80,
    "gender":"Women",
    "sell_through_rate":91.1908825635,
    "damage_rate":1.5526069482,
    "unsold_inventory":1318,
    "estimated_revenue":1325040,
    "quarter":"Q4",
    "date":"2020-10-01T00:00:00.000",
    "is_limited_edition":1,
    "price_bucket":"Mid",
    "manufacturing_date":"2020-10-01T00:00:00.000",
    "selling_date":"2020-11-21T00:00:00.000"
  },
  {
    "name":"Puma Smash V2 Sneakers",
    "type":"Brownie",
    "total_produced":59391,
    "total_sold":25562,
    "damaged":11349,
    "month":"February",
    "year":2020,
    "edition":"Special Release",
    "price":65,
    "gender":"Women",
    "sell_through_rate":43.0401912748,
    "damage_rate":19.1089559024,
    "unsold_inventory":22480,
    "estimated_revenue":1661530,
    "quarter":"Q1",
    "date":"2020-02-01T00:00:00.000",
    "is_limited_edition":1,
    "price_bucket":"Mid",
    "manufacturing_date":"2020-02-01T00:00:00.000",
    "selling_date":"2020-03-10T00:00:00.000"
  },
  {
    "name":"Converse Chuck Taylor All Star",
    "type":"Creamy",
    "total_produced":99226,
    "total_sold":89319,
    "damaged":4331,
    "month":"November",
    "year":2021,
    "edition":"Anniversary",
    "price":60,
    "gender":"Men",
    "sell_through_rate":90.0157216858,
    "damage_rate":4.3647834237,
    "unsold_inventory":5576,
    "estimated_revenue":5359140,
    "quarter":"Q4",
    "date":"2021-11-01T00:00:00.000",
    "is_limited_edition":0,
    "price_bucket":"Mid",
    "manufacturing_date":"2021-11-01T00:00:00.000",
    "selling_date":"2021-12-31T00:00:00.000"
  },
  {
    "name":"New Balance 574 Core",
    "type":"Almond",
    "total_produced":83149,
    "total_sold":44124,
    "damaged":14736,
    "month":"May",
    "year":2018,
    "edition":"Holiday",
    "price":90,
    "gender":"Women",
    "sell_through_rate":53.0661823955,
    "damage_rate":17.7224019531,
    "unsold_inventory":24289,
    "estimated_revenue":3971160,
    "quarter":"Q2",
    "date":"2018-05-01T00:00:00.000",
    "is_limited_edition":0,
    "price_bucket":"Mid",
    "manufacturing_date":"2018-05-01T00:00:00.000",
    "selling_date":"2018-07-07T00:00:00.000"
  },
  {
    "name":"Reebok Classic Leather",
    "type":"Almond",
    "total_produced":72888,
    "total_sold":50718,
    "damaged":18366,
    "month":"December",
    "year":2023,
    "edition":"Holiday",
    "price":85,
    "gender":"Women",
    "sell_through_rate":69.5834705301,
    "damage_rate":25.1975633849,
    "unsold_inventory":3804,
    "estimated_revenue":4311030,
    "quarter":"Q4",
    "date":"2023-12-01T00:00:00.000",
    "is_limited_edition":0,
    "price_bucket":"Mid",
    "manufacturing_date":"2023-12-01T00:00:00.000",
    "selling_date":"2024-02-13T00:00:00.000"
  },
  {
    "name":"Under Armour Charged Assert 9",
    "type":"Crisper",
    "total_produced":55237,
    "total_sold":14599,
    "damaged":19035,
    "month":"June",
    "year":2015,
    "edition":"Holiday",
    "price":75,
    "gender":"Men",
    "sell_through_rate":26.429748176,
    "damage_rate":34.4605970636,
    "unsold_inventory":21603,
    "estimated_revenue":1094925,
    "quarter":"Q2",
    "date":"2015-06-01T00:00:00.000",
    "is_limited_edition":0,
    "price_bucket":"Mid",
    "manufacturing_date":"2015-06-01T00:00:00.000",
    "selling_date":"2015-08-17T00:00:00.000"
  },
  {
    "name":"Fila Disruptor II Premium",
    "type":"Almond",
    "total_produced":67983,
    "total_sold":47989,
    "damaged":8403,
    "month":"May",
    "year":2023,
    "edition":"Anniversary",
    "price":70,
    "gender":"Women",
    "sell_through_rate":70.5897062501,
    "damage_rate":12.3604430519,
    "unsold_inventory":11591,
    "estimated_revenue":3359230,
    "quarter":"Q2",
    "date":"2023-05-01T00:00:00.000",
    "is_limited_edition":0,
    "price_bucket":"Mid",
    "manufacturing_date":"2023-05-01T00:00:00.000",
    "selling_date":"2023-06-16T00:00:00.000"
  },
  {
    "name":"ASICS Gel-Quantum 90",
    "type":"Brownie",
    "total_produced":45601,
    "total_sold":13996,
    "damaged":3579,
    "month":"November",
    "year":2021,
    "edition":"Special Release",
    "price":100,
    "gender":"Men",
    "sell_through_rate":30.6923093792,
    "damage_rate":7.848512094,
    "unsold_inventory":28026,
    "estimated_revenue":1399600,
    "quarter":"Q4",
    "date":"2021-11-01T00:00:00.000",
    "is_limited_edition":1,
    "price_bucket":"Mid",
    "manufacturing_date":"2021-11-01T00:00:00.000",
    "selling_date":"2021-12-18T00:00:00.000"
  },
  {
    "name":"Skechers D'Lites",
    "type":"Creamy",
    "total_produced":79604,
    "total_sold":34579,
    "damaged":41808,
    "month":"August",
    "year":2017,
    "edition":"Standard",
    "price":75,
    "gender":"Women",
    "sell_through_rate":43.438771921,
    "damage_rate":52.5199738707,
    "unsold_inventory":3217,
    "estimated_revenue":2593425,
    "quarter":"Q3",
    "date":"2017-08-01T00:00:00.000",
    "is_limited_edition":0,
    "price_bucket":"Mid",
    "manufacturing_date":"2017-08-01T00:00:00.000",
    "selling_date":"2017-10-21T00:00:00.000"
  },
  {
    "name":"Vans Old Skool",
    "type":"Creamy",
    "total_produced":71918,
    "total_sold":18178,
    "damaged":44642,
    "month":"August",
    "year":2023,
    "edition":"Limited",
    "price":70,
    "gender":"Men",
    "sell_through_rate":25.2760087878,
    "damage_rate":62.073472566,
    "unsold_inventory":9098,
    "estimated_revenue":1272460,
    "quarter":"Q3",
    "date":"2023-08-01T00:00:00.000",
    "is_limited_edition":1,
    "price_bucket":"Mid",
    "manufacturing_date":"2023-08-01T00:00:00.000",
    "selling_date":"2023-09-02T00:00:00.000"
  },
  {
    "name":"Onitsuka Tiger Mexico 66",
    "type":"Crisper",
    "total_produced":95575,
    "total_sold":67350,
    "damaged":15645,
    "month":"April",
    "year":2022,
    "edition":"Limited",
    "price":100,
    "gender":"Women",
    "sell_through_rate":70.4682186764,
    "damage_rate":16.3693434476,
    "unsold_inventory":12580,
    "estimated_revenue":6735000,
    "quarter":"Q2",
    "date":"2022-04-01T00:00:00.000",
    "is_limited_edition":1,
    "price_bucket":"Mid",
    "manufacturing_date":"2022-04-01T00:00:00.000",
    "selling_date":"2022-05-10T00:00:00.000"
  },
  {
    "name":"Lacoste Carnaby Evo",
    "type":"Almond",
    "total_produced":47409,
    "total_sold":47329,
    "damaged":7,
    "month":"August",
    "year":2023,
    "edition":"Standard",
    "price":95,
    "gender":"Men",
    "sell_through_rate":99.8312556688,
    "damage_rate":0.014765129,
    "unsold_inventory":73,
    "estimated_revenue":4496255,
    "quarter":"Q3",
    "date":"2023-08-01T00:00:00.000",
    "is_limited_edition":0,
    "price_bucket":"Mid",
    "manufacturing_date":"2023-08-01T00:00:00.000",
    "selling_date":"2023-10-08T00:00:00.000"
  },
  {
    "name":"Superga 2750 Cotu Classic",
    "type":"Brownie",
    "total_produced":14888,
    "total_sold":7868,
    "damaged":3423,
    "month":"November",
    "year":2024,
    "edition":"Limited",
    "price":65,
    "gender":"Men",
    "sell_through_rate":52.8479312198,
    "damage_rate":22.9916711445,
    "unsold_inventory":3597,
    "estimated_revenue":511420,
    "quarter":"Q4",
    "date":"2024-11-01T00:00:00.000",
    "is_limited_edition":1,
    "price_bucket":"Mid",
    "manufacturing_date":"2024-11-01T00:00:00.000",
    "selling_date":"2025-01-12T00:00:00.000"
  },
  {
    "name":"Hoka One One Clifton 8",
    "type":"White Chocolate",
    "total_produced":62034,
    "total_sold":56639,
    "damaged":4058,
    "month":"February",
    "year":2017,
    "edition":"Holiday",
    "price":140,
    "gender":"Men",
    "sell_through_rate":91.3031563336,
    "damage_rate":6.5415739756,
    "unsold_inventory":1337,
    "estimated_revenue":7929460,
    "quarter":"Q1",
    "date":"2017-02-01T00:00:00.000",
    "is_limited_edition":0,
    "price_bucket":"High",
    "manufacturing_date":"2017-02-01T00:00:00.000",
    "selling_date":"2017-04-23T00:00:00.000"
  },
  {
    "name":"Saucony Jazz Original",
    "type":"Almond",
    "total_produced":84443,
    "total_sold":84007,
    "damaged":54,
    "month":"October",
    "year":2018,
    "edition":"Holiday",
    "price":80,
    "gender":"Women",
    "sell_through_rate":99.4836753787,
    "damage_rate":0.0639484623,
    "unsold_inventory":382,
    "estimated_revenue":6720560,
    "quarter":"Q4",
    "date":"2018-10-01T00:00:00.000",
    "is_limited_edition":0,
    "price_bucket":"Mid",
    "manufacturing_date":"2018-10-01T00:00:00.000",
    "selling_date":"2018-11-30T00:00:00.000"
  },
  {
    "name":"Columbia Trailstorm Waterproof",
    "type":"Peanut Butter",
    "total_produced":76088,
    "total_sold":66344,
    "damaged":4470,
    "month":"February",
    "year":2017,
    "edition":"Standard",
    "price":110,
    "gender":"Women",
    "sell_through_rate":87.1937756282,
    "damage_rate":5.8747765745,
    "unsold_inventory":5274,
    "estimated_revenue":7297840,
    "quarter":"Q1",
    "date":"2017-02-01T00:00:00.000",
    "is_limited_edition":0,
    "price_bucket":"High",
    "manufacturing_date":"2017-02-01T00:00:00.000",
    "selling_date":"2017-03-11T00:00:00.000"
  },
  {
    "name":"Nike Air Force 1 '07 Sneakers",
    "type":"Creamy",
    "total_produced":43720,
    "total_sold":17202,
    "damaged":461,
    "month":"April",
    "year":2023,
    "edition":"Holiday",
    "price":115,
    "gender":"Men",
    "sell_through_rate":39.3458371455,
    "damage_rate":1.0544373285,
    "unsold_inventory":26057,
    "estimated_revenue":1978230,
    "quarter":"Q2",
    "date":"2023-04-01T00:00:00.000",
    "is_limited_edition":0,
    "price_bucket":"High",
    "manufacturing_date":"2023-04-01T00:00:00.000",
    "selling_date":"2023-05-17T00:00:00.000"
  },
  {
    "name":"Adidas Originals Samba OG Shoes",
    "type":"Peanut Butter",
    "total_produced":90079,
    "total_sold":88719,
    "damaged":830,
    "month":"April",
    "year":2024,
    "edition":"Anniversary",
    "price":100,
    "gender":"Men",
    "sell_through_rate":98.4902141454,
    "damage_rate":0.921413426,
    "unsold_inventory":530,
    "estimated_revenue":8871900,
    "quarter":"Q2",
    "date":"2024-04-01T00:00:00.000",
    "is_limited_edition":0,
    "price_bucket":"Mid",
    "manufacturing_date":"2024-04-01T00:00:00.000",
    "selling_date":"2024-06-01T00:00:00.000"
  },
  {
    "name":"Air Jordan 1 Mid Shoes",
    "type":"Crisper",
    "total_produced":97720,
    "total_sold":17502,
    "damaged":24219,
    "month":"July",
    "year":2016,
    "edition":"Anniversary",
    "price":110,
    "gender":"Men",
    "sell_through_rate":17.9103561195,
    "damage_rate":24.7840769546,
    "unsold_inventory":55999,
    "estimated_revenue":1925220,
    "quarter":"Q3",
    "date":"2016-07-01T00:00:00.000",
    "is_limited_edition":0,
    "price_bucket":"High",
    "manufacturing_date":"2016-07-01T00:00:00.000",
    "selling_date":"2016-08-07T00:00:00.000"
  },
  {
    "name":"Red Tape Casual Sneakers",
    "type":"Classic",
    "total_produced":44181,
    "total_sold":30137,
    "damaged":3858,
    "month":"January",
    "year":2020,
    "edition":"Holiday",
    "price":35,
    "gender":"Women",
    "sell_through_rate":68.2125800684,
    "damage_rate":8.732260474,
    "unsold_inventory":10186,
    "estimated_revenue":1054795,
    "quarter":"Q1",
    "date":"2020-01-01T00:00:00.000",
    "is_limited_edition":0,
    "price_bucket":"Low",
    "manufacturing_date":"2020-01-01T00:00:00.000",
    "selling_date":"2020-03-21T00:00:00.000"
  },
  {
    "name":"Nike Court Vision Low Shoes",
    "type":"Brownie",
    "total_produced":85088,
    "total_sold":6498,
    "damaged":34282,
    "month":"May",
    "year":2022,
    "edition":"Holiday",
    "price":80,
    "gender":"Men",
    "sell_through_rate":7.6367995487,
    "damage_rate":40.2900526514,
    "unsold_inventory":44308,
    "estimated_revenue":519840,
    "quarter":"Q2",
    "date":"2022-05-01T00:00:00.000",
    "is_limited_edition":0,
    "price_bucket":"Mid",
    "manufacturing_date":"2022-05-01T00:00:00.000",
    "selling_date":"2022-06-11T00:00:00.000"
  },
  {
    "name":"Puma Smash V2 Sneakers",
    "type":"Creamy",
    "total_produced":25495,
    "total_sold":20250,
    "damaged":2513,
    "month":"October",
    "year":2016,
    "edition":"Anniversary",
    "price":65,
    "gender":"Women",
    "sell_through_rate":79.4273386939,
    "damage_rate":9.8568346735,
    "unsold_inventory":2732,
    "estimated_revenue":1316250,
    "quarter":"Q4",
    "date":"2016-10-01T00:00:00.000",
    "is_limited_edition":0,
    "price_bucket":"Mid",
    "manufacturing_date":"2016-10-01T00:00:00.000",
    "selling_date":"2016-10-17T00:00:00.000"
  },
  {
    "name":"Converse Chuck Taylor All Star",
    "type":"Creamy",
    "total_produced":25389,
    "total_sold":14667,
    "damaged":6021,
    "month":"November",
    "year":2021,
    "edition":"Limited",
    "price":60,
    "gender":"Men",
    "sell_through_rate":57.7691126078,
    "damage_rate":23.7149946827,
    "unsold_inventory":4701,
    "estimated_revenue":880020,
    "quarter":"Q4",
    "date":"2021-11-01T00:00:00.000",
    "is_limited_edition":1,
    "price_bucket":"Mid",
    "manufacturing_date":"2021-11-01T00:00:00.000",
    "selling_date":"2021-12-02T00:00:00.000"
  },
  {
    "name":"New Balance 574 Core",
    "type":"Crisper",
    "total_produced":30078,
    "total_sold":19908,
    "damaged":9924,
    "month":"March",
    "year":2019,
    "edition":"Anniversary",
    "price":90,
    "gender":"Women",
    "sell_through_rate":66.1879114303,
    "damage_rate":32.9942150409,
    "unsold_inventory":246,
    "estimated_revenue":1791720,
    "quarter":"Q1",
    "date":"2019-03-01T00:00:00.000",
    "is_limited_edition":0,
    "price_bucket":"Mid",
    "manufacturing_date":"2019-03-01T00:00:00.000",
    "selling_date":"2019-04-17T00:00:00.000"
  },
  {
    "name":"Reebok Classic Leather",
    "type":"White Chocolate",
    "total_produced":80453,
    "total_sold":33627,
    "damaged":16217,
    "month":"August",
    "year":2022,
    "edition":"Special Release",
    "price":85,
    "gender":"Men",
    "sell_through_rate":41.7970740681,
    "damage_rate":20.1571103626,
    "unsold_inventory":30609,
    "estimated_revenue":2858295,
    "quarter":"Q3",
    "date":"2022-08-01T00:00:00.000",
    "is_limited_edition":1,
    "price_bucket":"Mid",
    "manufacturing_date":"2022-08-01T00:00:00.000",
    "selling_date":"2022-08-24T00:00:00.000"
  },
  {
    "name":"Under Armour Charged Assert 9",
    "type":"Brownie",
    "total_produced":68556,
    "total_sold":39614,
    "damaged":23061,
    "month":"January",
    "year":2019,
    "edition":"Standard",
    "price":75,
    "gender":"Men",
    "sell_through_rate":57.7834179357,
    "damage_rate":33.6381935936,
    "unsold_inventory":5881,
    "estimated_revenue":2971050,
    "quarter":"Q1",
    "date":"2019-01-01T00:00:00.000",
    "is_limited_edition":0,
    "price_bucket":"Mid",
    "manufacturing_date":"2019-01-01T00:00:00.000",
    "selling_date":"2019-02-27T00:00:00.000"
  },
  {
    "name":"Fila Disruptor II Premium",
    "type":"Classic",
    "total_produced":81781,
    "total_sold":71255,
    "damaged":3312,
    "month":"June",
    "year":2021,
    "edition":"Special Release",
    "price":70,
    "gender":"Women",
    "sell_through_rate":87.1290397525,
    "damage_rate":4.0498404275,
    "unsold_inventory":7214,
    "estimated_revenue":4987850,
    "quarter":"Q2",
    "date":"2021-06-01T00:00:00.000",
    "is_limited_edition":1,
    "price_bucket":"Mid",
    "manufacturing_date":"2021-06-01T00:00:00.000",
    "selling_date":"2021-08-02T00:00:00.000"
  },
  {
    "name":"ASICS Gel-Quantum 90",
    "type":"White Chocolate",
    "total_produced":78202,
    "total_sold":62912,
    "damaged":1904,
    "month":"August",
    "year":2022,
    "edition":"Limited",
    "price":100,
    "gender":"Women",
    "sell_through_rate":80.4480703818,
    "damage_rate":2.4347203396,
    "unsold_inventory":13386,
    "estimated_revenue":6291200,
    "quarter":"Q3",
    "date":"2022-08-01T00:00:00.000",
    "is_limited_edition":1,
    "price_bucket":"Mid",
    "manufacturing_date":"2022-08-01T00:00:00.000",
    "selling_date":"2022-09-23T00:00:00.000"
  },
  {
    "name":"Skechers D'Lites",
    "type":"Classic",
    "total_produced":76895,
    "total_sold":63390,
    "damaged":13249,
    "month":"August",
    "year":2015,
    "edition":"Anniversary",
    "price":75,
    "gender":"Women",
    "sell_through_rate":82.4370895377,
    "damage_rate":17.229988946,
    "unsold_inventory":256,
    "estimated_revenue":4754250,
    "quarter":"Q3",
    "date":"2015-08-01T00:00:00.000",
    "is_limited_edition":0,
    "price_bucket":"Mid",
    "manufacturing_date":"2015-08-01T00:00:00.000",
    "selling_date":"2015-09-26T00:00:00.000"
  },
  {
    "name":"Vans Old Skool",
    "type":"Crisper",
    "total_produced":83912,
    "total_sold":12567,
    "damaged":60604,
    "month":"July",
    "year":2022,
    "edition":"Holiday",
    "price":70,
    "gender":"Women",
    "sell_through_rate":14.9764038517,
    "damage_rate":72.223281533,
    "unsold_inventory":10741,
    "estimated_revenue":879690,
    "quarter":"Q3",
    "date":"2022-07-01T00:00:00.000",
    "is_limited_edition":0,
    "price_bucket":"Mid",
    "manufacturing_date":"2022-07-01T00:00:00.000",
    "selling_date":"2022-08-10T00:00:00.000"
  },
  {
    "name":"Onitsuka Tiger Mexico 66",
    "type":"Almond",
    "total_produced":10395,
    "total_sold":6785,
    "damaged":2368,
    "month":"October",
    "year":2015,
    "edition":"Standard",
    "price":100,
    "gender":"Men",
    "sell_through_rate":65.2717652718,
    "damage_rate":22.7801827802,
    "unsold_inventory":1242,
    "estimated_revenue":678500,
    "quarter":"Q4",
    "date":"2015-10-01T00:00:00.000",
    "is_limited_edition":0,
    "price_bucket":"Mid",
    "manufacturing_date":"2015-10-01T00:00:00.000",
    "selling_date":"2015-12-04T00:00:00.000"
  },
  {
    "name":"Lacoste Carnaby Evo",
    "type":"Brownie",
    "total_produced":17897,
    "total_sold":6130,
    "damaged":7734,
    "month":"May",
    "year":2015,
    "edition":"Holiday",
    "price":95,
    "gender":"Men",
    "sell_through_rate":34.2515505392,
    "damage_rate":43.2139464715,
    "unsold_inventory":4033,
    "estimated_revenue":582350,
    "quarter":"Q2",
    "date":"2015-05-01T00:00:00.000",
    "is_limited_edition":0,
    "price_bucket":"Mid",
    "manufacturing_date":"2015-05-01T00:00:00.000",
    "selling_date":"2015-06-09T00:00:00.000"
  },
  {
    "name":"Superga 2750 Cotu Classic",
    "type":"White Chocolate",
    "total_produced":94085,
    "total_sold":89656,
    "damaged":3443,
    "month":"March",
    "year":2019,
    "edition":"Anniversary",
    "price":65,
    "gender":"Women",
    "sell_through_rate":95.2925546049,
    "damage_rate":3.6594568741,
    "unsold_inventory":986,
    "estimated_revenue":5827640,
    "quarter":"Q1",
    "date":"2019-03-01T00:00:00.000",
    "is_limited_edition":0,
    "price_bucket":"Mid",
    "manufacturing_date":"2019-03-01T00:00:00.000",
    "selling_date":"2019-04-08T00:00:00.000"
  },
  {
    "name":"Hoka One One Clifton 8",
    "type":"Crisper",
    "total_produced":20518,
    "total_sold":16185,
    "damaged":1089,
    "month":"April",
    "year":2022,
    "edition":"Holiday",
    "price":140,
    "gender":"Women",
    "sell_through_rate":78.8819573058,
    "damage_rate":5.3075348475,
    "unsold_inventory":3244,
    "estimated_revenue":2265900,
    "quarter":"Q2",
    "date":"2022-04-01T00:00:00.000",
    "is_limited_edition":0,
    "price_bucket":"High",
    "manufacturing_date":"2022-04-01T00:00:00.000",
    "selling_date":"2022-04-28T00:00:00.000"
  },
  {
    "name":"Saucony Jazz Original",
    "type":"Brownie",
    "total_produced":26691,
    "total_sold":12297,
    "damaged":13677,
    "month":"January",
    "year":2015,
    "edition":"Standard",
    "price":80,
    "gender":"Women",
    "sell_through_rate":46.071709565,
    "damage_rate":51.2419916826,
    "unsold_inventory":717,
    "estimated_revenue":983760,
    "quarter":"Q1",
    "date":"2015-01-01T00:00:00.000",
    "is_limited_edition":0,
    "price_bucket":"Mid",
    "manufacturing_date":"2015-01-01T00:00:00.000",
    "selling_date":"2015-03-16T00:00:00.000"
  },
  {
    "name":"Columbia Trailstorm Waterproof",
    "type":"Creamy",
    "total_produced":81361,
    "total_sold":60591,
    "damaged":17430,
    "month":"April",
    "year":2019,
    "edition":"Limited",
    "price":110,
    "gender":"Women",
    "sell_through_rate":74.4717985276,
    "damage_rate":21.4230405231,
    "unsold_inventory":3340,
    "estimated_revenue":6665010,
    "quarter":"Q2",
    "date":"2019-04-01T00:00:00.000",
    "is_limited_edition":1,
    "price_bucket":"High",
    "manufacturing_date":"2019-04-01T00:00:00.000",
    "selling_date":"2019-04-22T00:00:00.000"
  },
  {
    "name":"Nike Air Force 1 '07 Sneakers",
    "type":"Peanut Butter",
    "total_produced":46129,
    "total_sold":17352,
    "damaged":28678,
    "month":"February",
    "year":2023,
    "edition":"Standard",
    "price":115,
    "gender":"Women",
    "sell_through_rate":37.6162500813,
    "damage_rate":62.169134384,
    "unsold_inventory":99,
    "estimated_revenue":1995480,
    "quarter":"Q1",
    "date":"2023-02-01T00:00:00.000",
    "is_limited_edition":0,
    "price_bucket":"High",
    "manufacturing_date":"2023-02-01T00:00:00.000",
    "selling_date":"2023-04-13T00:00:00.000"
  },
  {
    "name":"Adidas Originals Samba OG Shoes",
    "type":"Brownie",
    "total_produced":12050,
    "total_sold":6971,
    "damaged":1688,
    "month":"October",
    "year":2015,
    "edition":"Standard",
    "price":100,
    "gender":"Women",
    "sell_through_rate":57.8506224066,
    "damage_rate":14.0082987552,
    "unsold_inventory":3391,
    "estimated_revenue":697100,
    "quarter":"Q4",
    "date":"2015-10-01T00:00:00.000",
    "is_limited_edition":0,
    "price_bucket":"Mid",
    "manufacturing_date":"2015-10-01T00:00:00.000",
    "selling_date":"2015-11-20T00:00:00.000"
  },
  {
    "name":"Air Jordan 1 Mid Shoes",
    "type":"Brownie",
    "total_produced":98083,
    "total_sold":97181,
    "damaged":893,
    "month":"July",
    "year":2015,
    "edition":"Limited",
    "price":110,
    "gender":"Women",
    "sell_through_rate":99.0803707064,
    "damage_rate":0.9104533915,
    "unsold_inventory":9,
    "estimated_revenue":10689910,
    "quarter":"Q3",
    "date":"2015-07-01T00:00:00.000",
    "is_limited_edition":1,
    "price_bucket":"High",
    "manufacturing_date":"2015-07-01T00:00:00.000",
    "selling_date":"2015-08-29T00:00:00.000"
  },
  {
    "name":"Red Tape Casual Sneakers",
    "type":"Crisper",
    "total_produced":40715,
    "total_sold":40373,
    "damaged":111,
    "month":"June",
    "year":2023,
    "edition":"Standard",
    "price":35,
    "gender":"Women",
    "sell_through_rate":99.1600147366,
    "damage_rate":0.272626796,
    "unsold_inventory":231,
    "estimated_revenue":1413055,
    "quarter":"Q2",
    "date":"2023-06-01T00:00:00.000",
    "is_limited_edition":0,
    "price_bucket":"Low",
    "manufacturing_date":"2023-06-01T00:00:00.000",
    "selling_date":"2023-07-05T00:00:00.000"
  },
  {
    "name":"Nike Court Vision Low Shoes",
    "type":"Peanut Butter",
    "total_produced":85511,
    "total_sold":46799,
    "damaged":37845,
    "month":"September",
    "year":2021,
    "edition":"Holiday",
    "price":80,
    "gender":"Men",
    "sell_through_rate":54.7286314041,
    "damage_rate":44.257463952,
    "unsold_inventory":867,
    "estimated_revenue":3743920,
    "quarter":"Q3",
    "date":"2021-09-01T00:00:00.000",
    "is_limited_edition":0,
    "price_bucket":"Mid",
    "manufacturing_date":"2021-09-01T00:00:00.000",
    "selling_date":"2021-11-19T00:00:00.000"
  },
  {
    "name":"Puma Smash V2 Sneakers",
    "type":"Creamy",
    "total_produced":78321,
    "total_sold":33972,
    "damaged":27103,
    "month":"May",
    "year":2018,
    "edition":"Holiday",
    "price":65,
    "gender":"Men",
    "sell_through_rate":43.3753399471,
    "damage_rate":34.6050229185,
    "unsold_inventory":17246,
    "estimated_revenue":2208180,
    "quarter":"Q2",
    "date":"2018-05-01T00:00:00.000",
    "is_limited_edition":0,
    "price_bucket":"Mid",
    "manufacturing_date":"2018-05-01T00:00:00.000",
    "selling_date":"2018-05-23T00:00:00.000"
  },
  {
    "name":"Converse Chuck Taylor All Star",
    "type":"Creamy",
    "total_produced":98965,
    "total_sold":60994,
    "damaged":36428,
    "month":"July",
    "year":2020,
    "edition":"Standard",
    "price":60,
    "gender":"Women",
    "sell_through_rate":61.6318900621,
    "damage_rate":36.8089728692,
    "unsold_inventory":1543,
    "estimated_revenue":3659640,
    "quarter":"Q3",
    "date":"2020-07-01T00:00:00.000",
    "is_limited_edition":0,
    "price_bucket":"Mid",
    "manufacturing_date":"2020-07-01T00:00:00.000",
    "selling_date":"2020-07-31T00:00:00.000"
  },
  {
    "name":"New Balance 574 Core",
    "type":"White Chocolate",
    "total_produced":78742,
    "total_sold":46777,
    "damaged":22816,
    "month":"September",
    "year":2019,
    "edition":"Anniversary",
    "price":90,
    "gender":"Women",
    "sell_through_rate":59.4053999136,
    "damage_rate":28.97564197,
    "unsold_inventory":9149,
    "estimated_revenue":4209930,
    "quarter":"Q3",
    "date":"2019-09-01T00:00:00.000",
    "is_limited_edition":0,
    "price_bucket":"Mid",
    "manufacturing_date":"2019-09-01T00:00:00.000",
    "selling_date":"2019-09-29T00:00:00.000"
  },
  {
    "name":"Reebok Classic Leather",
    "type":"Peanut Butter",
    "total_produced":80507,
    "total_sold":67065,
    "damaged":3948,
    "month":"July",
    "year":2024,
    "edition":"Limited",
    "price":85,
    "gender":"Men",
    "sell_through_rate":83.3033152397,
    "damage_rate":4.9039213981,
    "unsold_inventory":9494,
    "estimated_revenue":5700525,
    "quarter":"Q3",
    "date":"2024-07-01T00:00:00.000",
    "is_limited_edition":1,
    "price_bucket":"Mid",
    "manufacturing_date":"2024-07-01T00:00:00.000",
    "selling_date":"2024-09-29T00:00:00.000"
  },
  {
    "name":"Under Armour Charged Assert 9",
    "type":"White Chocolate",
    "total_produced":70689,
    "total_sold":12552,
    "damaged":36856,
    "month":"August",
    "year":2019,
    "edition":"Anniversary",
    "price":75,
    "gender":"Men",
    "sell_through_rate":17.7566523787,
    "damage_rate":52.13823933,
    "unsold_inventory":21281,
    "estimated_revenue":941400,
    "quarter":"Q3",
    "date":"2019-08-01T00:00:00.000",
    "is_limited_edition":0,
    "price_bucket":"Mid",
    "manufacturing_date":"2019-08-01T00:00:00.000",
    "selling_date":"2019-08-30T00:00:00.000"
  },
  {
    "name":"Fila Disruptor II Premium",
    "type":"Crisper",
    "total_produced":41831,
    "total_sold":21711,
    "damaged":6662,
    "month":"September",
    "year":2018,
    "edition":"Standard",
    "price":70,
    "gender":"Women",
    "sell_through_rate":51.9016996964,
    "damage_rate":15.9259879037,
    "unsold_inventory":13458,
    "estimated_revenue":1519770,
    "quarter":"Q3",
    "date":"2018-09-01T00:00:00.000",
    "is_limited_edition":0,
    "price_bucket":"Mid",
    "manufacturing_date":"2018-09-01T00:00:00.000",
    "selling_date":"2018-11-20T00:00:00.000"
  },
  {
    "name":"ASICS Gel-Quantum 90",
    "type":"Classic",
    "total_produced":80206,
    "total_sold":29966,
    "damaged":3377,
    "month":"January",
    "year":2018,
    "edition":"Anniversary",
    "price":100,
    "gender":"Men",
    "sell_through_rate":37.3612946662,
    "damage_rate":4.2104081989,
    "unsold_inventory":46863,
    "estimated_revenue":2996600,
    "quarter":"Q1",
    "date":"2018-01-01T00:00:00.000",
    "is_limited_edition":0,
    "price_bucket":"Mid",
    "manufacturing_date":"2018-01-01T00:00:00.000",
    "selling_date":"2018-02-16T00:00:00.000"
  },
  {
    "name":"Skechers D'Lites",
    "type":"White Chocolate",
    "total_produced":19539,
    "total_sold":8082,
    "damaged":9626,
    "month":"February",
    "year":2023,
    "edition":"Special Release",
    "price":75,
    "gender":"Men",
    "sell_through_rate":41.3634269922,
    "damage_rate":49.2655714213,
    "unsold_inventory":1831,
    "estimated_revenue":606150,
    "quarter":"Q1",
    "date":"2023-02-01T00:00:00.000",
    "is_limited_edition":1,
    "price_bucket":"Mid",
    "manufacturing_date":"2023-02-01T00:00:00.000",
    "selling_date":"2023-04-19T00:00:00.000"
  },
  {
    "name":"Vans Old Skool",
    "type":"White Chocolate",
    "total_produced":53642,
    "total_sold":24869,
    "damaged":502,
    "month":"May",
    "year":2017,
    "edition":"Limited",
    "price":70,
    "gender":"Men",
    "sell_through_rate":46.3610603631,
    "damage_rate":0.9358338615,
    "unsold_inventory":28271,
    "estimated_revenue":1740830,
    "quarter":"Q2",
    "date":"2017-05-01T00:00:00.000",
    "is_limited_edition":1,
    "price_bucket":"Mid",
    "manufacturing_date":"2017-05-01T00:00:00.000",
    "selling_date":"2017-07-05T00:00:00.000"
  },
  {
    "name":"Onitsuka Tiger Mexico 66",
    "type":"Creamy",
    "total_produced":72773,
    "total_sold":36797,
    "damaged":13402,
    "month":"June",
    "year":2019,
    "edition":"Limited",
    "price":100,
    "gender":"Women",
    "sell_through_rate":50.5640828329,
    "damage_rate":18.4161708326,
    "unsold_inventory":22574,
    "estimated_revenue":3679700,
    "quarter":"Q2",
    "date":"2019-06-01T00:00:00.000",
    "is_limited_edition":1,
    "price_bucket":"Mid",
    "manufacturing_date":"2019-06-01T00:00:00.000",
    "selling_date":"2019-07-10T00:00:00.000"
  },
  {
    "name":"Lacoste Carnaby Evo",
    "type":"Crisper",
    "total_produced":71112,
    "total_sold":52088,
    "damaged":10106,
    "month":"December",
    "year":2017,
    "edition":"Holiday",
    "price":95,
    "gender":"Women",
    "sell_through_rate":73.2478344021,
    "damage_rate":14.2113848577,
    "unsold_inventory":8918,
    "estimated_revenue":4948360,
    "quarter":"Q4",
    "date":"2017-12-01T00:00:00.000",
    "is_limited_edition":0,
    "price_bucket":"Mid",
    "manufacturing_date":"2017-12-01T00:00:00.000",
    "selling_date":"2018-02-11T00:00:00.000"
  },
  {
    "name":"Superga 2750 Cotu Classic",
    "type":"Crisper",
    "total_produced":22924,
    "total_sold":20384,
    "damaged":1311,
    "month":"April",
    "year":2017,
    "edition":"Holiday",
    "price":65,
    "gender":"Men",
    "sell_through_rate":88.9199092654,
    "damage_rate":5.7188972256,
    "unsold_inventory":1229,
    "estimated_revenue":1324960,
    "quarter":"Q2",
    "date":"2017-04-01T00:00:00.000",
    "is_limited_edition":0,
    "price_bucket":"Mid",
    "manufacturing_date":"2017-04-01T00:00:00.000",
    "selling_date":"2017-06-17T00:00:00.000"
  },
  {
    "name":"Hoka One One Clifton 8",
    "type":"Brownie",
    "total_produced":39002,
    "total_sold":14563,
    "damaged":531,
    "month":"December",
    "year":2017,
    "edition":"Special Release",
    "price":140,
    "gender":"Women",
    "sell_through_rate":37.3391108148,
    "damage_rate":1.3614686426,
    "unsold_inventory":23908,
    "estimated_revenue":2038820,
    "quarter":"Q4",
    "date":"2017-12-01T00:00:00.000",
    "is_limited_edition":1,
    "price_bucket":"High",
    "manufacturing_date":"2017-12-01T00:00:00.000",
    "selling_date":"2018-02-15T00:00:00.000"
  },
  {
    "name":"Saucony Jazz Original",
    "type":"Almond",
    "total_produced":29976,
    "total_sold":11428,
    "damaged":10809,
    "month":"July",
    "year":2017,
    "edition":"Anniversary",
    "price":80,
    "gender":"Men",
    "sell_through_rate":38.1238323993,
    "damage_rate":36.0588470777,
    "unsold_inventory":7739,
    "estimated_revenue":914240,
    "quarter":"Q3",
    "date":"2017-07-01T00:00:00.000",
    "is_limited_edition":0,
    "price_bucket":"Mid",
    "manufacturing_date":"2017-07-01T00:00:00.000",
    "selling_date":"2017-08-06T00:00:00.000"
  },
  {
    "name":"Columbia Trailstorm Waterproof",
    "type":"Crisper",
    "total_produced":82173,
    "total_sold":49245,
    "damaged":16864,
    "month":"July",
    "year":2023,
    "edition":"Anniversary",
    "price":110,
    "gender":"Women",
    "sell_through_rate":59.9284436494,
    "damage_rate":20.5225560707,
    "unsold_inventory":16064,
    "estimated_revenue":5416950,
    "quarter":"Q3",
    "date":"2023-07-01T00:00:00.000",
    "is_limited_edition":0,
    "price_bucket":"High",
    "manufacturing_date":"2023-07-01T00:00:00.000",
    "selling_date":"2023-09-11T00:00:00.000"
  },
  {
    "name":"Nike Air Force 1 '07 Sneakers",
    "type":"Crisper",
    "total_produced":32050,
    "total_sold":29011,
    "damaged":1442,
    "month":"November",
    "year":2016,
    "edition":"Limited",
    "price":115,
    "gender":"Women",
    "sell_through_rate":90.5179407176,
    "damage_rate":4.4992199688,
    "unsold_inventory":1597,
    "estimated_revenue":3336265,
    "quarter":"Q4",
    "date":"2016-11-01T00:00:00.000",
    "is_limited_edition":1,
    "price_bucket":"High",
    "manufacturing_date":"2016-11-01T00:00:00.000",
    "selling_date":"2017-01-12T00:00:00.000"
  },
  {
    "name":"Adidas Originals Samba OG Shoes",
    "type":"Peanut Butter",
    "total_produced":81058,
    "total_sold":12698,
    "damaged":4433,
    "month":"May",
    "year":2024,
    "edition":"Standard",
    "price":100,
    "gender":"Men",
    "sell_through_rate":15.6653260628,
    "damage_rate":5.4689234869,
    "unsold_inventory":63927,
    "estimated_revenue":1269800,
    "quarter":"Q2",
    "date":"2024-05-01T00:00:00.000",
    "is_limited_edition":0,
    "price_bucket":"Mid",
    "manufacturing_date":"2024-05-01T00:00:00.000",
    "selling_date":"2024-07-03T00:00:00.000"
  },
  {
    "name":"Air Jordan 1 Mid Shoes",
    "type":"White Chocolate",
    "total_produced":10836,
    "total_sold":8378,
    "damaged":563,
    "month":"June",
    "year":2024,
    "edition":"Limited",
    "price":110,
    "gender":"Men",
    "sell_through_rate":77.3163528977,
    "damage_rate":5.1956441491,
    "unsold_inventory":1895,
    "estimated_revenue":921580,
    "quarter":"Q2",
    "date":"2024-06-01T00:00:00.000",
    "is_limited_edition":1,
    "price_bucket":"High",
    "manufacturing_date":"2024-06-01T00:00:00.000",
    "selling_date":"2024-08-06T00:00:00.000"
  },
  {
    "name":"Red Tape Casual Sneakers",
    "type":"Classic",
    "total_produced":38668,
    "total_sold":38143,
    "damaged":466,
    "month":"March",
    "year":2019,
    "edition":"Standard",
    "price":35,
    "gender":"Women",
    "sell_through_rate":98.642288197,
    "damage_rate":1.2051308576,
    "unsold_inventory":59,
    "estimated_revenue":1335005,
    "quarter":"Q1",
    "date":"2019-03-01T00:00:00.000",
    "is_limited_edition":0,
    "price_bucket":"Low",
    "manufacturing_date":"2019-03-01T00:00:00.000",
    "selling_date":"2019-04-26T00:00:00.000"
  },
  {
    "name":"Nike Court Vision Low Shoes",
    "type":"Creamy",
    "total_produced":73944,
    "total_sold":7061,
    "damaged":866,
    "month":"December",
    "year":2020,
    "edition":"Special Release",
    "price":80,
    "gender":"Men",
    "sell_through_rate":9.5491182516,
    "damage_rate":1.1711565509,
    "unsold_inventory":66017,
    "estimated_revenue":564880,
    "quarter":"Q4",
    "date":"2020-12-01T00:00:00.000",
    "is_limited_edition":1,
    "price_bucket":"Mid",
    "manufacturing_date":"2020-12-01T00:00:00.000",
    "selling_date":"2021-02-23T00:00:00.000"
  },
  {
    "name":"Puma Smash V2 Sneakers",
    "type":"Brownie",
    "total_produced":46010,
    "total_sold":40110,
    "damaged":2348,
    "month":"March",
    "year":2015,
    "edition":"Special Release",
    "price":65,
    "gender":"Women",
    "sell_through_rate":87.1767007172,
    "damage_rate":5.1032384264,
    "unsold_inventory":3552,
    "estimated_revenue":2607150,
    "quarter":"Q1",
    "date":"2015-03-01T00:00:00.000",
    "is_limited_edition":1,
    "price_bucket":"Mid",
    "manufacturing_date":"2015-03-01T00:00:00.000",
    "selling_date":"2015-03-30T00:00:00.000"
  },
  {
    "name":"Converse Chuck Taylor All Star",
    "type":"White Chocolate",
    "total_produced":33496,
    "total_sold":8506,
    "damaged":3156,
    "month":"November",
    "year":2020,
    "edition":"Limited",
    "price":60,
    "gender":"Women",
    "sell_through_rate":25.3940769047,
    "damage_rate":9.4220205398,
    "unsold_inventory":21834,
    "estimated_revenue":510360,
    "quarter":"Q4",
    "date":"2020-11-01T00:00:00.000",
    "is_limited_edition":1,
    "price_bucket":"Mid",
    "manufacturing_date":"2020-11-01T00:00:00.000",
    "selling_date":"2021-01-08T00:00:00.000"
  },
  {
    "name":"New Balance 574 Core",
    "type":"White Chocolate",
    "total_produced":56457,
    "total_sold":22519,
    "damaged":26011,
    "month":"November",
    "year":2015,
    "edition":"Holiday",
    "price":90,
    "gender":"Women",
    "sell_through_rate":39.8869936412,
    "damage_rate":46.0722319641,
    "unsold_inventory":7927,
    "estimated_revenue":2026710,
    "quarter":"Q4",
    "date":"2015-11-01T00:00:00.000",
    "is_limited_edition":0,
    "price_bucket":"Mid",
    "manufacturing_date":"2015-11-01T00:00:00.000",
    "selling_date":"2016-01-14T00:00:00.000"
  },
  {
    "name":"Reebok Classic Leather",
    "type":"Brownie",
    "total_produced":41877,
    "total_sold":19801,
    "damaged":9829,
    "month":"September",
    "year":2022,
    "edition":"Standard",
    "price":85,
    "gender":"Men",
    "sell_through_rate":47.2837118227,
    "damage_rate":23.4711177974,
    "unsold_inventory":12247,
    "estimated_revenue":1683085,
    "quarter":"Q3",
    "date":"2022-09-01T00:00:00.000",
    "is_limited_edition":0,
    "price_bucket":"Mid",
    "manufacturing_date":"2022-09-01T00:00:00.000",
    "selling_date":"2022-09-23T00:00:00.000"
  },
  {
    "name":"Under Armour Charged Assert 9",
    "type":"Classic",
    "total_produced":63120,
    "total_sold":29855,
    "damaged":24718,
    "month":"March",
    "year":2021,
    "edition":"Anniversary",
    "price":75,
    "gender":"Men",
    "sell_through_rate":47.2987959442,
    "damage_rate":39.1603295311,
    "unsold_inventory":8547,
    "estimated_revenue":2239125,
    "quarter":"Q1",
    "date":"2021-03-01T00:00:00.000",
    "is_limited_edition":0,
    "price_bucket":"Mid",
    "manufacturing_date":"2021-03-01T00:00:00.000",
    "selling_date":"2021-05-07T00:00:00.000"
  },
  {
    "name":"Fila Disruptor II Premium",
    "type":"Creamy",
    "total_produced":32463,
    "total_sold":7709,
    "damaged":16379,
    "month":"June",
    "year":2024,
    "edition":"Anniversary",
    "price":70,
    "gender":"Women",
    "sell_through_rate":23.7470350861,
    "damage_rate":50.4543634291,
    "unsold_inventory":8375,
    "estimated_revenue":539630,
    "quarter":"Q2",
    "date":"2024-06-01T00:00:00.000",
    "is_limited_edition":0,
    "price_bucket":"Mid",
    "manufacturing_date":"2024-06-01T00:00:00.000",
    "selling_date":"2024-08-14T00:00:00.000"
  },
  {
    "name":"ASICS Gel-Quantum 90",
    "type":"Brownie",
    "total_produced":22499,
    "total_sold":22306,
    "damaged":10,
    "month":"July",
    "year":2017,
    "edition":"Limited",
    "price":100,
    "gender":"Women",
    "sell_through_rate":99.1421840971,
    "damage_rate":0.0444464198,
    "unsold_inventory":183,
    "estimated_revenue":2230600,
    "quarter":"Q3",
    "date":"2017-07-01T00:00:00.000",
    "is_limited_edition":1,
    "price_bucket":"Mid",
    "manufacturing_date":"2017-07-01T00:00:00.000",
    "selling_date":"2017-07-20T00:00:00.000"
  },
  {
    "name":"Skechers D'Lites",
    "type":"Almond",
    "total_produced":16102,
    "total_sold":6218,
    "damaged":4593,
    "month":"February",
    "year":2021,
    "edition":"Special Release",
    "price":75,
    "gender":"Men",
    "sell_through_rate":38.6163209539,
    "damage_rate":28.524406906,
    "unsold_inventory":5291,
    "estimated_revenue":466350,
    "quarter":"Q1",
    "date":"2021-02-01T00:00:00.000",
    "is_limited_edition":1,
    "price_bucket":"Mid",
    "manufacturing_date":"2021-02-01T00:00:00.000",
    "selling_date":"2021-04-24T00:00:00.000"
  },
  {
    "name":"Vans Old Skool",
    "type":"White Chocolate",
    "total_produced":51220,
    "total_sold":6026,
    "damaged":13576,
    "month":"August",
    "year":2021,
    "edition":"Limited",
    "price":70,
    "gender":"Women",
    "sell_through_rate":11.764935572,
    "damage_rate":26.5052713784,
    "unsold_inventory":31618,
    "estimated_revenue":421820,
    "quarter":"Q3",
    "date":"2021-08-01T00:00:00.000",
    "is_limited_edition":1,
    "price_bucket":"Mid",
    "manufacturing_date":"2021-08-01T00:00:00.000",
    "selling_date":"2021-08-21T00:00:00.000"
  },
  {
    "name":"Onitsuka Tiger Mexico 66",
    "type":"Classic",
    "total_produced":49226,
    "total_sold":15646,
    "damaged":15759,
    "month":"May",
    "year":2021,
    "edition":"Anniversary",
    "price":100,
    "gender":"Women",
    "sell_through_rate":31.7840165766,
    "damage_rate":32.0135700646,
    "unsold_inventory":17821,
    "estimated_revenue":1564600,
    "quarter":"Q2",
    "date":"2021-05-01T00:00:00.000",
    "is_limited_edition":0,
    "price_bucket":"Mid",
    "manufacturing_date":"2021-05-01T00:00:00.000",
    "selling_date":"2021-07-01T00:00:00.000"
  },
  {
    "name":"Lacoste Carnaby Evo",
    "type":"Crisper",
    "total_produced":28343,
    "total_sold":27587,
    "damaged":741,
    "month":"November",
    "year":2015,
    "edition":"Special Release",
    "price":95,
    "gender":"Women",
    "sell_through_rate":97.3326747345,
    "damage_rate":2.6144021452,
    "unsold_inventory":15,
    "estimated_revenue":2620765,
    "quarter":"Q4",
    "date":"2015-11-01T00:00:00.000",
    "is_limited_edition":1,
    "price_bucket":"Mid",
    "manufacturing_date":"2015-11-01T00:00:00.000",
    "selling_date":"2016-01-09T00:00:00.000"
  },
  {
    "name":"Superga 2750 Cotu Classic",
    "type":"Classic",
    "total_produced":22803,
    "total_sold":19322,
    "damaged":950,
    "month":"May",
    "year":2024,
    "edition":"Standard",
    "price":65,
    "gender":"Women",
    "sell_through_rate":84.7344647634,
    "damage_rate":4.1661184932,
    "unsold_inventory":2531,
    "estimated_revenue":1255930,
    "quarter":"Q2",
    "date":"2024-05-01T00:00:00.000",
    "is_limited_edition":0,
    "price_bucket":"Mid",
    "manufacturing_date":"2024-05-01T00:00:00.000",
    "selling_date":"2024-06-24T00:00:00.000"
  },
  {
    "name":"Hoka One One Clifton 8",
    "type":"White Chocolate",
    "total_produced":52778,
    "total_sold":6941,
    "damaged":41557,
    "month":"January",
    "year":2018,
    "edition":"Anniversary",
    "price":140,
    "gender":"Women",
    "sell_through_rate":13.1513130471,
    "damage_rate":78.7392474137,
    "unsold_inventory":4280,
    "estimated_revenue":971740,
    "quarter":"Q1",
    "date":"2018-01-01T00:00:00.000",
    "is_limited_edition":0,
    "price_bucket":"High",
    "manufacturing_date":"2018-01-01T00:00:00.000",
    "selling_date":"2018-03-08T00:00:00.000"
  },
  {
    "name":"Saucony Jazz Original",
    "type":"Brownie",
    "total_produced":59207,
    "total_sold":33301,
    "damaged":6086,
    "month":"August",
    "year":2022,
    "edition":"Special Release",
    "price":80,
    "gender":"Men",
    "sell_through_rate":56.2450385934,
    "damage_rate":10.2791899606,
    "unsold_inventory":19820,
    "estimated_revenue":2664080,
    "quarter":"Q3",
    "date":"2022-08-01T00:00:00.000",
    "is_limited_edition":1,
    "price_bucket":"Mid",
    "manufacturing_date":"2022-08-01T00:00:00.000",
    "selling_date":"2022-08-31T00:00:00.000"
  },
  {
    "name":"Columbia Trailstorm Waterproof",
    "type":"White Chocolate",
    "total_produced":91083,
    "total_sold":43715,
    "damaged":16151,
    "month":"December",
    "year":2022,
    "edition":"Standard",
    "price":110,
    "gender":"Men",
    "sell_through_rate":47.9946861654,
    "damage_rate":17.7321783428,
    "unsold_inventory":31217,
    "estimated_revenue":4808650,
    "quarter":"Q4",
    "date":"2022-12-01T00:00:00.000",
    "is_limited_edition":0,
    "price_bucket":"High",
    "manufacturing_date":"2022-12-01T00:00:00.000",
    "selling_date":"2022-12-28T00:00:00.000"
  },
  {
    "name":"Nike Air Force 1 '07 Sneakers",
    "type":"Crisper",
    "total_produced":93086,
    "total_sold":25221,
    "damaged":51068,
    "month":"July",
    "year":2018,
    "edition":"Holiday",
    "price":115,
    "gender":"Men",
    "sell_through_rate":27.0942998947,
    "damage_rate":54.8610961906,
    "unsold_inventory":16797,
    "estimated_revenue":2900415,
    "quarter":"Q3",
    "date":"2018-07-01T00:00:00.000",
    "is_limited_edition":0,
    "price_bucket":"High",
    "manufacturing_date":"2018-07-01T00:00:00.000",
    "selling_date":"2018-08-14T00:00:00.000"
  },
  {
    "name":"Adidas Originals Samba OG Shoes",
    "type":"Almond",
    "total_produced":68292,
    "total_sold":28587,
    "damaged":17679,
    "month":"February",
    "year":2016,
    "edition":"Limited",
    "price":100,
    "gender":"Women",
    "sell_through_rate":41.8599543138,
    "damage_rate":25.8873660165,
    "unsold_inventory":22026,
    "estimated_revenue":2858700,
    "quarter":"Q1",
    "date":"2016-02-01T00:00:00.000",
    "is_limited_edition":1,
    "price_bucket":"Mid",
    "manufacturing_date":"2016-02-01T00:00:00.000",
    "selling_date":"2016-03-05T00:00:00.000"
  },
  {
    "name":"Air Jordan 1 Mid Shoes",
    "type":"Crisper",
    "total_produced":83005,
    "total_sold":77710,
    "damaged":4197,
    "month":"July",
    "year":2019,
    "edition":"Standard",
    "price":110,
    "gender":"Women",
    "sell_through_rate":93.6208662129,
    "damage_rate":5.0563219083,
    "unsold_inventory":1098,
    "estimated_revenue":8548100,
    "quarter":"Q3",
    "date":"2019-07-01T00:00:00.000",
    "is_limited_edition":0,
    "price_bucket":"High",
    "manufacturing_date":"2019-07-01T00:00:00.000",
    "selling_date":"2019-08-01T00:00:00.000"
  },
  {
    "name":"Red Tape Casual Sneakers",
    "type":"Brownie",
    "total_produced":22198,
    "total_sold":15630,
    "damaged":3155,
    "month":"February",
    "year":2015,
    "edition":"Holiday",
    "price":35,
    "gender":"Men",
    "sell_through_rate":70.4117488062,
    "damage_rate":14.2129921615,
    "unsold_inventory":3413,
    "estimated_revenue":547050,
    "quarter":"Q1",
    "date":"2015-02-01T00:00:00.000",
    "is_limited_edition":0,
    "price_bucket":"Low",
    "manufacturing_date":"2015-02-01T00:00:00.000",
    "selling_date":"2015-04-19T00:00:00.000"
  },
  {
    "name":"Nike Court Vision Low Shoes",
    "type":"Creamy",
    "total_produced":83339,
    "total_sold":36816,
    "damaged":37483,
    "month":"November",
    "year":2020,
    "edition":"Limited",
    "price":80,
    "gender":"Men",
    "sell_through_rate":44.1761960187,
    "damage_rate":44.9765415952,
    "unsold_inventory":9040,
    "estimated_revenue":2945280,
    "quarter":"Q4",
    "date":"2020-11-01T00:00:00.000",
    "is_limited_edition":1,
    "price_bucket":"Mid",
    "manufacturing_date":"2020-11-01T00:00:00.000",
    "selling_date":"2020-12-04T00:00:00.000"
  },
  {
    "name":"Puma Smash V2 Sneakers",
    "type":"Peanut Butter",
    "total_produced":45247,
    "total_sold":24734,
    "damaged":8795,
    "month":"July",
    "year":2020,
    "edition":"Limited",
    "price":65,
    "gender":"Women",
    "sell_through_rate":54.6643976396,
    "damage_rate":19.4377527792,
    "unsold_inventory":11718,
    "estimated_revenue":1607710,
    "quarter":"Q3",
    "date":"2020-07-01T00:00:00.000",
    "is_limited_edition":1,
    "price_bucket":"Mid",
    "manufacturing_date":"2020-07-01T00:00:00.000",
    "selling_date":"2020-09-11T00:00:00.000"
  },
  {
    "name":"Converse Chuck Taylor All Star",
    "type":"Almond",
    "total_produced":65194,
    "total_sold":24644,
    "damaged":31734,
    "month":"October",
    "year":2023,
    "edition":"Standard",
    "price":60,
    "gender":"Men",
    "sell_through_rate":37.8010246342,
    "damage_rate":48.6762585514,
    "unsold_inventory":8816,
    "estimated_revenue":1478640,
    "quarter":"Q4",
    "date":"2023-10-01T00:00:00.000",
    "is_limited_edition":0,
    "price_bucket":"Mid",
    "manufacturing_date":"2023-10-01T00:00:00.000",
    "selling_date":"2023-12-09T00:00:00.000"
  },
  {
    "name":"New Balance 574 Core",
    "type":"Creamy",
    "total_produced":91924,
    "total_sold":69985,
    "damaged":19457,
    "month":"November",
    "year":2021,
    "edition":"Limited",
    "price":90,
    "gender":"Men",
    "sell_through_rate":76.1335451025,
    "damage_rate":21.1663983291,
    "unsold_inventory":2482,
    "estimated_revenue":6298650,
    "quarter":"Q4",
    "date":"2021-11-01T00:00:00.000",
    "is_limited_edition":1,
    "price_bucket":"Mid",
    "manufacturing_date":"2021-11-01T00:00:00.000",
    "selling_date":"2022-01-16T00:00:00.000"
  },
  {
    "name":"Reebok Classic Leather",
    "type":"Almond",
    "total_produced":10887,
    "total_sold":8241,
    "damaged":1360,
    "month":"June",
    "year":2024,
    "edition":"Special Release",
    "price":85,
    "gender":"Women",
    "sell_through_rate":75.6957839625,
    "damage_rate":12.4919628915,
    "unsold_inventory":1286,
    "estimated_revenue":700485,
    "quarter":"Q2",
    "date":"2024-06-01T00:00:00.000",
    "is_limited_edition":1,
    "price_bucket":"Mid",
    "manufacturing_date":"2024-06-01T00:00:00.000",
    "selling_date":"2024-07-08T00:00:00.000"
  },
  {
    "name":"Under Armour Charged Assert 9",
    "type":"Crisper",
    "total_produced":53874,
    "total_sold":33220,
    "damaged":19477,
    "month":"July",
    "year":2016,
    "edition":"Holiday",
    "price":75,
    "gender":"Men",
    "sell_through_rate":61.6623974459,
    "damage_rate":36.1528752274,
    "unsold_inventory":1177,
    "estimated_revenue":2491500,
    "quarter":"Q3",
    "date":"2016-07-01T00:00:00.000",
    "is_limited_edition":0,
    "price_bucket":"Mid",
    "manufacturing_date":"2016-07-01T00:00:00.000",
    "selling_date":"2016-07-24T00:00:00.000"
  },
  {
    "name":"Fila Disruptor II Premium",
    "type":"Crisper",
    "total_produced":51180,
    "total_sold":16641,
    "damaged":26099,
    "month":"July",
    "year":2018,
    "edition":"Holiday",
    "price":70,
    "gender":"Women",
    "sell_through_rate":32.5146541618,
    "damage_rate":50.9945291129,
    "unsold_inventory":8440,
    "estimated_revenue":1164870,
    "quarter":"Q3",
    "date":"2018-07-01T00:00:00.000",
    "is_limited_edition":0,
    "price_bucket":"Mid",
    "manufacturing_date":"2018-07-01T00:00:00.000",
    "selling_date":"2018-07-27T00:00:00.000"
  },
  {
    "name":"ASICS Gel-Quantum 90",
    "type":"Brownie",
    "total_produced":41775,
    "total_sold":26357,
    "damaged":6161,
    "month":"February",
    "year":2018,
    "edition":"Anniversary",
    "price":100,
    "gender":"Men",
    "sell_through_rate":63.092758827,
    "damage_rate":14.7480550569,
    "unsold_inventory":9257,
    "estimated_revenue":2635700,
    "quarter":"Q1",
    "date":"2018-02-01T00:00:00.000",
    "is_limited_edition":0,
    "price_bucket":"Mid",
    "manufacturing_date":"2018-02-01T00:00:00.000",
    "selling_date":"2018-02-16T00:00:00.000"
  },
  {
    "name":"Skechers D'Lites",
    "type":"Brownie",
    "total_produced":81516,
    "total_sold":28583,
    "damaged":44676,
    "month":"August",
    "year":2023,
    "edition":"Special Release",
    "price":75,
    "gender":"Women",
    "sell_through_rate":35.0642818588,
    "damage_rate":54.8064183719,
    "unsold_inventory":8257,
    "estimated_revenue":2143725,
    "quarter":"Q3",
    "date":"2023-08-01T00:00:00.000",
    "is_limited_edition":1,
    "price_bucket":"Mid",
    "manufacturing_date":"2023-08-01T00:00:00.000",
    "selling_date":"2023-10-12T00:00:00.000"
  },
  {
    "name":"Vans Old Skool",
    "type":"Creamy",
    "total_produced":37479,
    "total_sold":19367,
    "damaged":9546,
    "month":"April",
    "year":2024,
    "edition":"Standard",
    "price":70,
    "gender":"Women",
    "sell_through_rate":51.6742709251,
    "damage_rate":25.4702633475,
    "unsold_inventory":8566,
    "estimated_revenue":1355690,
    "quarter":"Q2",
    "date":"2024-04-01T00:00:00.000",
    "is_limited_edition":0,
    "price_bucket":"Mid",
    "manufacturing_date":"2024-04-01T00:00:00.000",
    "selling_date":"2024-04-16T00:00:00.000"
  },
  {
    "name":"Onitsuka Tiger Mexico 66",
    "type":"Creamy",
    "total_produced":75444,
    "total_sold":23242,
    "damaged":41506,
    "month":"May",
    "year":2018,
    "edition":"Limited",
    "price":100,
    "gender":"Men",
    "sell_through_rate":30.8069561529,
    "damage_rate":55.0156407402,
    "unsold_inventory":10696,
    "estimated_revenue":2324200,
    "quarter":"Q2",
    "date":"2018-05-01T00:00:00.000",
    "is_limited_edition":1,
    "price_bucket":"Mid",
    "manufacturing_date":"2018-05-01T00:00:00.000",
    "selling_date":"2018-06-18T00:00:00.000"
  },
  {
    "name":"Lacoste Carnaby Evo",
    "type":"Creamy",
    "total_produced":65460,
    "total_sold":56712,
    "damaged":6176,
    "month":"October",
    "year":2015,
    "edition":"Anniversary",
    "price":95,
    "gender":"Women",
    "sell_through_rate":86.6361136572,
    "damage_rate":9.4347693248,
    "unsold_inventory":2572,
    "estimated_revenue":5387640,
    "quarter":"Q4",
    "date":"2015-10-01T00:00:00.000",
    "is_limited_edition":0,
    "price_bucket":"Mid",
    "manufacturing_date":"2015-10-01T00:00:00.000",
    "selling_date":"2015-12-02T00:00:00.000"
  },
  {
    "name":"Superga 2750 Cotu Classic",
    "type":"Brownie",
    "total_produced":62534,
    "total_sold":40020,
    "damaged":16600,
    "month":"October",
    "year":2024,
    "edition":"Anniversary",
    "price":65,
    "gender":"Women",
    "sell_through_rate":63.9971855311,
    "damage_rate":26.5455592158,
    "unsold_inventory":5914,
    "estimated_revenue":2601300,
    "quarter":"Q4",
    "date":"2024-10-01T00:00:00.000",
    "is_limited_edition":0,
    "price_bucket":"Mid",
    "manufacturing_date":"2024-10-01T00:00:00.000",
    "selling_date":"2024-10-16T00:00:00.000"
  },
  {
    "name":"Hoka One One Clifton 8",
    "type":"Creamy",
    "total_produced":80373,
    "total_sold":16138,
    "damaged":7167,
    "month":"August",
    "year":2023,
    "edition":"Limited",
    "price":140,
    "gender":"Women",
    "sell_through_rate":20.0788822117,
    "damage_rate":8.9171736777,
    "unsold_inventory":57068,
    "estimated_revenue":2259320,
    "quarter":"Q3",
    "date":"2023-08-01T00:00:00.000",
    "is_limited_edition":1,
    "price_bucket":"High",
    "manufacturing_date":"2023-08-01T00:00:00.000",
    "selling_date":"2023-08-31T00:00:00.000"
  },
  {
    "name":"Saucony Jazz Original",
    "type":"Peanut Butter",
    "total_produced":94803,
    "total_sold":85304,
    "damaged":725,
    "month":"April",
    "year":2021,
    "edition":"Anniversary",
    "price":80,
    "gender":"Women",
    "sell_through_rate":89.9802748858,
    "damage_rate":0.7647437317,
    "unsold_inventory":8774,
    "estimated_revenue":6824320,
    "quarter":"Q2",
    "date":"2021-04-01T00:00:00.000",
    "is_limited_edition":0,
    "price_bucket":"Mid",
    "manufacturing_date":"2021-04-01T00:00:00.000",
    "selling_date":"2021-06-15T00:00:00.000"
  },
  {
    "name":"Columbia Trailstorm Waterproof",
    "type":"White Chocolate",
    "total_produced":66420,
    "total_sold":11943,
    "damaged":691,
    "month":"February",
    "year":2016,
    "edition":"Holiday",
    "price":110,
    "gender":"Men",
    "sell_through_rate":17.9810298103,
    "damage_rate":1.0403492924,
    "unsold_inventory":53786,
    "estimated_revenue":1313730,
    "quarter":"Q1",
    "date":"2016-02-01T00:00:00.000",
    "is_limited_edition":0,
    "price_bucket":"High",
    "manufacturing_date":"2016-02-01T00:00:00.000",
    "selling_date":"2016-04-19T00:00:00.000"
  },
  {
    "name":"Nike Air Force 1 '07 Sneakers",
    "type":"Crisper",
    "total_produced":59036,
    "total_sold":30633,
    "damaged":15173,
    "month":"August",
    "year":2023,
    "edition":"Special Release",
    "price":115,
    "gender":"Men",
    "sell_through_rate":51.8886780947,
    "damage_rate":25.7012670235,
    "unsold_inventory":13230,
    "estimated_revenue":3522795,
    "quarter":"Q3",
    "date":"2023-08-01T00:00:00.000",
    "is_limited_edition":1,
    "price_bucket":"High",
    "manufacturing_date":"2023-08-01T00:00:00.000",
    "selling_date":"2023-10-17T00:00:00.000"
  },
  {
    "name":"Adidas Originals Samba OG Shoes",
    "type":"Almond",
    "total_produced":13219,
    "total_sold":12909,
    "damaged":53,
    "month":"April",
    "year":2018,
    "edition":"Anniversary",
    "price":100,
    "gender":"Men",
    "sell_through_rate":97.6548906876,
    "damage_rate":0.4009380437,
    "unsold_inventory":257,
    "estimated_revenue":1290900,
    "quarter":"Q2",
    "date":"2018-04-01T00:00:00.000",
    "is_limited_edition":0,
    "price_bucket":"Mid",
    "manufacturing_date":"2018-04-01T00:00:00.000",
    "selling_date":"2018-06-23T00:00:00.000"
  },
  {
    "name":"Air Jordan 1 Mid Shoes",
    "type":"Classic",
    "total_produced":28569,
    "total_sold":16414,
    "damaged":5110,
    "month":"November",
    "year":2018,
    "edition":"Anniversary",
    "price":110,
    "gender":"Women",
    "sell_through_rate":57.4538835801,
    "damage_rate":17.8865203542,
    "unsold_inventory":7045,
    "estimated_revenue":1805540,
    "quarter":"Q4",
    "date":"2018-11-01T00:00:00.000",
    "is_limited_edition":0,
    "price_bucket":"High",
    "manufacturing_date":"2018-11-01T00:00:00.000",
    "selling_date":"2018-12-07T00:00:00.000"
  },
  {
    "name":"Red Tape Casual Sneakers",
    "type":"Almond",
    "total_produced":72411,
    "total_sold":17795,
    "damaged":28715,
    "month":"February",
    "year":2023,
    "edition":"Anniversary",
    "price":35,
    "gender":"Women",
    "sell_through_rate":24.5749955117,
    "damage_rate":39.6555771913,
    "unsold_inventory":25901,
    "estimated_revenue":622825,
    "quarter":"Q1",
    "date":"2023-02-01T00:00:00.000",
    "is_limited_edition":0,
    "price_bucket":"Low",
    "manufacturing_date":"2023-02-01T00:00:00.000",
    "selling_date":"2023-04-23T00:00:00.000"
  },
  {
    "name":"Nike Court Vision Low Shoes",
    "type":"Classic",
    "total_produced":25084,
    "total_sold":5740,
    "damaged":11241,
    "month":"April",
    "year":2022,
    "edition":"Standard",
    "price":80,
    "gender":"Men",
    "sell_through_rate":22.8831127412,
    "damage_rate":44.8134268857,
    "unsold_inventory":8103,
    "estimated_revenue":459200,
    "quarter":"Q2",
    "date":"2022-04-01T00:00:00.000",
    "is_limited_edition":0,
    "price_bucket":"Mid",
    "manufacturing_date":"2022-04-01T00:00:00.000",
    "selling_date":"2022-06-30T00:00:00.000"
  },
  {
    "name":"Puma Smash V2 Sneakers",
    "type":"Creamy",
    "total_produced":41970,
    "total_sold":38816,
    "damaged":714,
    "month":"March",
    "year":2021,
    "edition":"Limited",
    "price":65,
    "gender":"Women",
    "sell_through_rate":92.4851084108,
    "damage_rate":1.7012151537,
    "unsold_inventory":2440,
    "estimated_revenue":2523040,
    "quarter":"Q1",
    "date":"2021-03-01T00:00:00.000",
    "is_limited_edition":1,
    "price_bucket":"Mid",
    "manufacturing_date":"2021-03-01T00:00:00.000",
    "selling_date":"2021-04-10T00:00:00.000"
  },
  {
    "name":"Converse Chuck Taylor All Star",
    "type":"Crisper",
    "total_produced":40389,
    "total_sold":31545,
    "damaged":3022,
    "month":"February",
    "year":2017,
    "edition":"Anniversary",
    "price":60,
    "gender":"Men",
    "sell_through_rate":78.1029488227,
    "damage_rate":7.4822352621,
    "unsold_inventory":5822,
    "estimated_revenue":1892700,
    "quarter":"Q1",
    "date":"2017-02-01T00:00:00.000",
    "is_limited_edition":0,
    "price_bucket":"Mid",
    "manufacturing_date":"2017-02-01T00:00:00.000",
    "selling_date":"2017-03-03T00:00:00.000"
  },
  {
    "name":"New Balance 574 Core",
    "type":"Crisper",
    "total_produced":87621,
    "total_sold":61302,
    "damaged":12741,
    "month":"January",
    "year":2015,
    "edition":"Limited",
    "price":90,
    "gender":"Men",
    "sell_through_rate":69.9626801794,
    "damage_rate":14.5410346835,
    "unsold_inventory":13578,
    "estimated_revenue":5517180,
    "quarter":"Q1",
    "date":"2015-01-01T00:00:00.000",
    "is_limited_edition":1,
    "price_bucket":"Mid",
    "manufacturing_date":"2015-01-01T00:00:00.000",
    "selling_date":"2015-03-07T00:00:00.000"
  },
  {
    "name":"Reebok Classic Leather",
    "type":"Brownie",
    "total_produced":23336,
    "total_sold":22592,
    "damaged":191,
    "month":"February",
    "year":2019,
    "edition":"Holiday",
    "price":85,
    "gender":"Men",
    "sell_through_rate":96.8117929379,
    "damage_rate":0.8184778882,
    "unsold_inventory":553,
    "estimated_revenue":1920320,
    "quarter":"Q1",
    "date":"2019-02-01T00:00:00.000",
    "is_limited_edition":0,
    "price_bucket":"Mid",
    "manufacturing_date":"2019-02-01T00:00:00.000",
    "selling_date":"2019-04-13T00:00:00.000"
  },
  {
    "name":"Under Armour Charged Assert 9",
    "type":"Almond",
    "total_produced":97910,
    "total_sold":69157,
    "damaged":17292,
    "month":"March",
    "year":2022,
    "edition":"Holiday",
    "price":75,
    "gender":"Women",
    "sell_through_rate":70.6332346032,
    "damage_rate":17.6611173527,
    "unsold_inventory":11461,
    "estimated_revenue":5186775,
    "quarter":"Q1",
    "date":"2022-03-01T00:00:00.000",
    "is_limited_edition":0,
    "price_bucket":"Mid",
    "manufacturing_date":"2022-03-01T00:00:00.000",
    "selling_date":"2022-04-13T00:00:00.000"
  },
  {
    "name":"Fila Disruptor II Premium",
    "type":"Brownie",
    "total_produced":24972,
    "total_sold":16400,
    "damaged":5766,
    "month":"June",
    "year":2024,
    "edition":"Anniversary",
    "price":70,
    "gender":"Women",
    "sell_through_rate":65.6735543809,
    "damage_rate":23.0898606439,
    "unsold_inventory":2806,
    "estimated_revenue":1148000,
    "quarter":"Q2",
    "date":"2024-06-01T00:00:00.000",
    "is_limited_edition":0,
    "price_bucket":"Mid",
    "manufacturing_date":"2024-06-01T00:00:00.000",
    "selling_date":"2024-08-23T00:00:00.000"
  },
  {
    "name":"ASICS Gel-Quantum 90",
    "type":"Brownie",
    "total_produced":87354,
    "total_sold":16108,
    "damaged":17556,
    "month":"July",
    "year":2018,
    "edition":"Standard",
    "price":100,
    "gender":"Men",
    "sell_through_rate":18.4399111661,
    "damage_rate":20.0975341713,
    "unsold_inventory":53690,
    "estimated_revenue":1610800,
    "quarter":"Q3",
    "date":"2018-07-01T00:00:00.000",
    "is_limited_edition":0,
    "price_bucket":"Mid",
    "manufacturing_date":"2018-07-01T00:00:00.000",
    "selling_date":"2018-08-31T00:00:00.000"
  },
  {
    "name":"Skechers D'Lites",
    "type":"Peanut Butter",
    "total_produced":58929,
    "total_sold":50445,
    "damaged":2316,
    "month":"September",
    "year":2020,
    "edition":"Anniversary",
    "price":75,
    "gender":"Men",
    "sell_through_rate":85.6030137963,
    "damage_rate":3.9301532352,
    "unsold_inventory":6168,
    "estimated_revenue":3783375,
    "quarter":"Q3",
    "date":"2020-09-01T00:00:00.000",
    "is_limited_edition":0,
    "price_bucket":"Mid",
    "manufacturing_date":"2020-09-01T00:00:00.000",
    "selling_date":"2020-11-16T00:00:00.000"
  },
  {
    "name":"Vans Old Skool",
    "type":"Brownie",
    "total_produced":60293,
    "total_sold":32724,
    "damaged":6086,
    "month":"June",
    "year":2020,
    "edition":"Special Release",
    "price":70,
    "gender":"Men",
    "sell_through_rate":54.2749572919,
    "damage_rate":10.0940407676,
    "unsold_inventory":21483,
    "estimated_revenue":2290680,
    "quarter":"Q2",
    "date":"2020-06-01T00:00:00.000",
    "is_limited_edition":1,
    "price_bucket":"Mid",
    "manufacturing_date":"2020-06-01T00:00:00.000",
    "selling_date":"2020-08-23T00:00:00.000"
  },
  {
    "name":"Onitsuka Tiger Mexico 66",
    "type":"Brownie",
    "total_produced":31871,
    "total_sold":21044,
    "damaged":4732,
    "month":"July",
    "year":2016,
    "edition":"Limited",
    "price":100,
    "gender":"Women",
    "sell_through_rate":66.0286781086,
    "damage_rate":14.8473533934,
    "unsold_inventory":6095,
    "estimated_revenue":2104400,
    "quarter":"Q3",
    "date":"2016-07-01T00:00:00.000",
    "is_limited_edition":1,
    "price_bucket":"Mid",
    "manufacturing_date":"2016-07-01T00:00:00.000",
    "selling_date":"2016-09-29T00:00:00.000"
  },
  {
    "name":"Lacoste Carnaby Evo",
    "type":"Brownie",
    "total_produced":17026,
    "total_sold":10882,
    "damaged":78,
    "month":"June",
    "year":2020,
    "edition":"Limited",
    "price":95,
    "gender":"Women",
    "sell_through_rate":63.9140138612,
    "damage_rate":0.4581228709,
    "unsold_inventory":6066,
    "estimated_revenue":1033790,
    "quarter":"Q2",
    "date":"2020-06-01T00:00:00.000",
    "is_limited_edition":1,
    "price_bucket":"Mid",
    "manufacturing_date":"2020-06-01T00:00:00.000",
    "selling_date":"2020-07-01T00:00:00.000"
  },
  {
    "name":"Superga 2750 Cotu Classic",
    "type":"Brownie",
    "total_produced":76248,
    "total_sold":69876,
    "damaged":3351,
    "month":"September",
    "year":2022,
    "edition":"Anniversary",
    "price":65,
    "gender":"Women",
    "sell_through_rate":91.6430594901,
    "damage_rate":4.3948693736,
    "unsold_inventory":3021,
    "estimated_revenue":4541940,
    "quarter":"Q3",
    "date":"2022-09-01T00:00:00.000",
    "is_limited_edition":0,
    "price_bucket":"Mid",
    "manufacturing_date":"2022-09-01T00:00:00.000",
    "selling_date":"2022-11-02T00:00:00.000"
  },
  {
    "name":"Hoka One One Clifton 8",
    "type":"Crisper",
    "total_produced":31922,
    "total_sold":7708,
    "damaged":18526,
    "month":"May",
    "year":2015,
    "edition":"Limited",
    "price":140,
    "gender":"Women",
    "sell_through_rate":24.1463567446,
    "damage_rate":58.0352108264,
    "unsold_inventory":5688,
    "estimated_revenue":1079120,
    "quarter":"Q2",
    "date":"2015-05-01T00:00:00.000",
    "is_limited_edition":1,
    "price_bucket":"High",
    "manufacturing_date":"2015-05-01T00:00:00.000",
    "selling_date":"2015-06-23T00:00:00.000"
  },
  {
    "name":"Saucony Jazz Original",
    "type":"Peanut Butter",
    "total_produced":80465,
    "total_sold":42836,
    "damaged":11023,
    "month":"October",
    "year":2023,
    "edition":"Anniversary",
    "price":80,
    "gender":"Women",
    "sell_through_rate":53.2355682595,
    "damage_rate":13.6991238427,
    "unsold_inventory":26606,
    "estimated_revenue":3426880,
    "quarter":"Q4",
    "date":"2023-10-01T00:00:00.000",
    "is_limited_edition":0,
    "price_bucket":"Mid",
    "manufacturing_date":"2023-10-01T00:00:00.000",
    "selling_date":"2023-11-17T00:00:00.000"
  },
  {
    "name":"Columbia Trailstorm Waterproof",
    "type":"Brownie",
    "total_produced":76952,
    "total_sold":19838,
    "damaged":37533,
    "month":"April",
    "year":2016,
    "edition":"Holiday",
    "price":110,
    "gender":"Women",
    "sell_through_rate":25.7797068302,
    "damage_rate":48.7745607652,
    "unsold_inventory":19581,
    "estimated_revenue":2182180,
    "quarter":"Q2",
    "date":"2016-04-01T00:00:00.000",
    "is_limited_edition":0,
    "price_bucket":"High",
    "manufacturing_date":"2016-04-01T00:00:00.000",
    "selling_date":"2016-05-08T00:00:00.000"
  },
  {
    "name":"Nike Air Force 1 '07 Sneakers",
    "type":"Brownie",
    "total_produced":15453,
    "total_sold":12231,
    "damaged":2237,
    "month":"June",
    "year":2017,
    "edition":"Anniversary",
    "price":115,
    "gender":"Men",
    "sell_through_rate":79.1496796738,
    "damage_rate":14.4761534977,
    "unsold_inventory":985,
    "estimated_revenue":1406565,
    "quarter":"Q2",
    "date":"2017-06-01T00:00:00.000",
    "is_limited_edition":0,
    "price_bucket":"High",
    "manufacturing_date":"2017-06-01T00:00:00.000",
    "selling_date":"2017-06-25T00:00:00.000"
  },
  {
    "name":"Adidas Originals Samba OG Shoes",
    "type":"Almond",
    "total_produced":14224,
    "total_sold":12368,
    "damaged":538,
    "month":"November",
    "year":2018,
    "edition":"Standard",
    "price":100,
    "gender":"Men",
    "sell_through_rate":86.9516310461,
    "damage_rate":3.7823397075,
    "unsold_inventory":1318,
    "estimated_revenue":1236800,
    "quarter":"Q4",
    "date":"2018-11-01T00:00:00.000",
    "is_limited_edition":0,
    "price_bucket":"Mid",
    "manufacturing_date":"2018-11-01T00:00:00.000",
    "selling_date":"2019-01-23T00:00:00.000"
  },
  {
    "name":"Air Jordan 1 Mid Shoes",
    "type":"White Chocolate",
    "total_produced":41056,
    "total_sold":18754,
    "damaged":19265,
    "month":"September",
    "year":2022,
    "edition":"Holiday",
    "price":110,
    "gender":"Women",
    "sell_through_rate":45.6790724864,
    "damage_rate":46.9237139517,
    "unsold_inventory":3037,
    "estimated_revenue":2062940,
    "quarter":"Q3",
    "date":"2022-09-01T00:00:00.000",
    "is_limited_edition":0,
    "price_bucket":"High",
    "manufacturing_date":"2022-09-01T00:00:00.000",
    "selling_date":"2022-10-19T00:00:00.000"
  },
  {
    "name":"Red Tape Casual Sneakers",
    "type":"Peanut Butter",
    "total_produced":90760,
    "total_sold":23249,
    "damaged":27082,
    "month":"February",
    "year":2024,
    "edition":"Limited",
    "price":35,
    "gender":"Women",
    "sell_through_rate":25.6159100926,
    "damage_rate":29.8391361833,
    "unsold_inventory":40429,
    "estimated_revenue":813715,
    "quarter":"Q1",
    "date":"2024-02-01T00:00:00.000",
    "is_limited_edition":1,
    "price_bucket":"Low",
    "manufacturing_date":"2024-02-01T00:00:00.000",
    "selling_date":"2024-04-07T00:00:00.000"
  },
  {
    "name":"Nike Court Vision Low Shoes",
    "type":"Brownie",
    "total_produced":46842,
    "total_sold":44115,
    "damaged":2206,
    "month":"November",
    "year":2016,
    "edition":"Holiday",
    "price":80,
    "gender":"Women",
    "sell_through_rate":94.1783015243,
    "damage_rate":4.7094487853,
    "unsold_inventory":521,
    "estimated_revenue":3529200,
    "quarter":"Q4",
    "date":"2016-11-01T00:00:00.000",
    "is_limited_edition":0,
    "price_bucket":"Mid",
    "manufacturing_date":"2016-11-01T00:00:00.000",
    "selling_date":"2016-11-25T00:00:00.000"
  },
  {
    "name":"Puma Smash V2 Sneakers",
    "type":"Almond",
    "total_produced":85069,
    "total_sold":40041,
    "damaged":33712,
    "month":"August",
    "year":2022,
    "edition":"Standard",
    "price":65,
    "gender":"Women",
    "sell_through_rate":47.0688499924,
    "damage_rate":39.6290070413,
    "unsold_inventory":11316,
    "estimated_revenue":2602665,
    "quarter":"Q3",
    "date":"2022-08-01T00:00:00.000",
    "is_limited_edition":0,
    "price_bucket":"Mid",
    "manufacturing_date":"2022-08-01T00:00:00.000",
    "selling_date":"2022-09-03T00:00:00.000"
  },
  {
    "name":"Converse Chuck Taylor All Star",
    "type":"Classic",
    "total_produced":46349,
    "total_sold":13315,
    "damaged":8696,
    "month":"October",
    "year":2017,
    "edition":"Limited",
    "price":60,
    "gender":"Men",
    "sell_through_rate":28.7276963904,
    "damage_rate":18.7620013377,
    "unsold_inventory":24338,
    "estimated_revenue":798900,
    "quarter":"Q4",
    "date":"2017-10-01T00:00:00.000",
    "is_limited_edition":1,
    "price_bucket":"Mid",
    "manufacturing_date":"2017-10-01T00:00:00.000",
    "selling_date":"2017-12-12T00:00:00.000"
  },
  {
    "name":"New Balance 574 Core",
    "type":"White Chocolate",
    "total_produced":98635,
    "total_sold":56472,
    "damaged":32077,
    "month":"August",
    "year":2016,
    "edition":"Special Release",
    "price":90,
    "gender":"Women",
    "sell_through_rate":57.2535104172,
    "damage_rate":32.5209104273,
    "unsold_inventory":10086,
    "estimated_revenue":5082480,
    "quarter":"Q3",
    "date":"2016-08-01T00:00:00.000",
    "is_limited_edition":1,
    "price_bucket":"Mid",
    "manufacturing_date":"2016-08-01T00:00:00.000",
    "selling_date":"2016-08-16T00:00:00.000"
  },
  {
    "name":"Reebok Classic Leather",
    "type":"Crisper",
    "total_produced":69243,
    "total_sold":9949,
    "damaged":41525,
    "month":"November",
    "year":2023,
    "edition":"Standard",
    "price":85,
    "gender":"Women",
    "sell_through_rate":14.3682393888,
    "damage_rate":59.9699608625,
    "unsold_inventory":17769,
    "estimated_revenue":845665,
    "quarter":"Q4",
    "date":"2023-11-01T00:00:00.000",
    "is_limited_edition":0,
    "price_bucket":"Mid",
    "manufacturing_date":"2023-11-01T00:00:00.000",
    "selling_date":"2024-01-23T00:00:00.000"
  },
  {
    "name":"Under Armour Charged Assert 9",
    "type":"Creamy",
    "total_produced":58374,
    "total_sold":34798,
    "damaged":15992,
    "month":"September",
    "year":2018,
    "edition":"Special Release",
    "price":75,
    "gender":"Men",
    "sell_through_rate":59.6121560969,
    "damage_rate":27.3957583856,
    "unsold_inventory":7584,
    "estimated_revenue":2609850,
    "quarter":"Q3",
    "date":"2018-09-01T00:00:00.000",
    "is_limited_edition":1,
    "price_bucket":"Mid",
    "manufacturing_date":"2018-09-01T00:00:00.000",
    "selling_date":"2018-09-19T00:00:00.000"
  },
  {
    "name":"Fila Disruptor II Premium",
    "type":"Creamy",
    "total_produced":70089,
    "total_sold":46604,
    "damaged":21762,
    "month":"October",
    "year":2022,
    "edition":"Holiday",
    "price":70,
    "gender":"Women",
    "sell_through_rate":66.4926022628,
    "damage_rate":31.0490947224,
    "unsold_inventory":1723,
    "estimated_revenue":3262280,
    "quarter":"Q4",
    "date":"2022-10-01T00:00:00.000",
    "is_limited_edition":0,
    "price_bucket":"Mid",
    "manufacturing_date":"2022-10-01T00:00:00.000",
    "selling_date":"2022-10-31T00:00:00.000"
  },
  {
    "name":"ASICS Gel-Quantum 90",
    "type":"Peanut Butter",
    "total_produced":66314,
    "total_sold":59057,
    "damaged":1735,
    "month":"July",
    "year":2020,
    "edition":"Holiday",
    "price":100,
    "gender":"Women",
    "sell_through_rate":89.0566094641,
    "damage_rate":2.6163404409,
    "unsold_inventory":5522,
    "estimated_revenue":5905700,
    "quarter":"Q3",
    "date":"2020-07-01T00:00:00.000",
    "is_limited_edition":0,
    "price_bucket":"Mid",
    "manufacturing_date":"2020-07-01T00:00:00.000",
    "selling_date":"2020-08-08T00:00:00.000"
  },
  {
    "name":"Skechers D'Lites",
    "type":"Almond",
    "total_produced":81737,
    "total_sold":80750,
    "damaged":133,
    "month":"May",
    "year":2021,
    "edition":"Anniversary",
    "price":75,
    "gender":"Men",
    "sell_through_rate":98.7924685271,
    "damage_rate":0.162717007,
    "unsold_inventory":854,
    "estimated_revenue":6056250,
    "quarter":"Q2",
    "date":"2021-05-01T00:00:00.000",
    "is_limited_edition":0,
    "price_bucket":"Mid",
    "manufacturing_date":"2021-05-01T00:00:00.000",
    "selling_date":"2021-05-17T00:00:00.000"
  },
  {
    "name":"Vans Old Skool",
    "type":"Classic",
    "total_produced":23051,
    "total_sold":20059,
    "damaged":66,
    "month":"May",
    "year":2016,
    "edition":"Limited",
    "price":70,
    "gender":"Men",
    "sell_through_rate":87.0200858965,
    "damage_rate":0.2863216346,
    "unsold_inventory":2926,
    "estimated_revenue":1404130,
    "quarter":"Q2",
    "date":"2016-05-01T00:00:00.000",
    "is_limited_edition":1,
    "price_bucket":"Mid",
    "manufacturing_date":"2016-05-01T00:00:00.000",
    "selling_date":"2016-06-16T00:00:00.000"
  },
  {
    "name":"Onitsuka Tiger Mexico 66",
    "type":"Crisper",
    "total_produced":36518,
    "total_sold":27563,
    "damaged":2161,
    "month":"November",
    "year":2024,
    "edition":"Holiday",
    "price":100,
    "gender":"Women",
    "sell_through_rate":75.4778465414,
    "damage_rate":5.9176296621,
    "unsold_inventory":6794,
    "estimated_revenue":2756300,
    "quarter":"Q4",
    "date":"2024-11-01T00:00:00.000",
    "is_limited_edition":0,
    "price_bucket":"Mid",
    "manufacturing_date":"2024-11-01T00:00:00.000",
    "selling_date":"2024-12-09T00:00:00.000"
  },
  {
    "name":"Lacoste Carnaby Evo",
    "type":"Classic",
    "total_produced":95798,
    "total_sold":52242,
    "damaged":16409,
    "month":"December",
    "year":2015,
    "edition":"Holiday",
    "price":95,
    "gender":"Men",
    "sell_through_rate":54.5334975678,
    "damage_rate":17.1287500783,
    "unsold_inventory":27147,
    "estimated_revenue":4962990,
    "quarter":"Q4",
    "date":"2015-12-01T00:00:00.000",
    "is_limited_edition":0,
    "price_bucket":"Mid",
    "manufacturing_date":"2015-12-01T00:00:00.000",
    "selling_date":"2015-12-27T00:00:00.000"
  },
  {
    "name":"Superga 2750 Cotu Classic",
    "type":"Classic",
    "total_produced":61949,
    "total_sold":45999,
    "damaged":5005,
    "month":"February",
    "year":2023,
    "edition":"Limited",
    "price":65,
    "gender":"Men",
    "sell_through_rate":74.2530145765,
    "damage_rate":8.0792264605,
    "unsold_inventory":10945,
    "estimated_revenue":2989935,
    "quarter":"Q1",
    "date":"2023-02-01T00:00:00.000",
    "is_limited_edition":1,
    "price_bucket":"Mid",
    "manufacturing_date":"2023-02-01T00:00:00.000",
    "selling_date":"2023-04-06T00:00:00.000"
  },
  {
    "name":"Hoka One One Clifton 8",
    "type":"Creamy",
    "total_produced":22475,
    "total_sold":5035,
    "damaged":6993,
    "month":"May",
    "year":2020,
    "edition":"Standard",
    "price":140,
    "gender":"Men",
    "sell_through_rate":22.4026696329,
    "damage_rate":31.1145717464,
    "unsold_inventory":10447,
    "estimated_revenue":704900,
    "quarter":"Q2",
    "date":"2020-05-01T00:00:00.000",
    "is_limited_edition":0,
    "price_bucket":"High",
    "manufacturing_date":"2020-05-01T00:00:00.000",
    "selling_date":"2020-06-19T00:00:00.000"
  },
  {
    "name":"Saucony Jazz Original",
    "type":"Brownie",
    "total_produced":99126,
    "total_sold":63335,
    "damaged":608,
    "month":"February",
    "year":2015,
    "edition":"Holiday",
    "price":80,
    "gender":"Women",
    "sell_through_rate":63.8934285657,
    "damage_rate":0.6133607732,
    "unsold_inventory":35183,
    "estimated_revenue":5066800,
    "quarter":"Q1",
    "date":"2015-02-01T00:00:00.000",
    "is_limited_edition":0,
    "price_bucket":"Mid",
    "manufacturing_date":"2015-02-01T00:00:00.000",
    "selling_date":"2015-03-20T00:00:00.000"
  },
  {
    "name":"Columbia Trailstorm Waterproof",
    "type":"Creamy",
    "total_produced":27324,
    "total_sold":20653,
    "damaged":580,
    "month":"July",
    "year":2017,
    "edition":"Anniversary",
    "price":110,
    "gender":"Men",
    "sell_through_rate":75.585565803,
    "damage_rate":2.1226760357,
    "unsold_inventory":6091,
    "estimated_revenue":2271830,
    "quarter":"Q3",
    "date":"2017-07-01T00:00:00.000",
    "is_limited_edition":0,
    "price_bucket":"High",
    "manufacturing_date":"2017-07-01T00:00:00.000",
    "selling_date":"2017-08-17T00:00:00.000"
  },
  {
    "name":"Nike Air Force 1 '07 Sneakers",
    "type":"Classic",
    "total_produced":51071,
    "total_sold":29088,
    "damaged":9805,
    "month":"July",
    "year":2016,
    "edition":"Anniversary",
    "price":115,
    "gender":"Men",
    "sell_through_rate":56.956002428,
    "damage_rate":19.1987625071,
    "unsold_inventory":12178,
    "estimated_revenue":3345120,
    "quarter":"Q3",
    "date":"2016-07-01T00:00:00.000",
    "is_limited_edition":0,
    "price_bucket":"High",
    "manufacturing_date":"2016-07-01T00:00:00.000",
    "selling_date":"2016-09-14T00:00:00.000"
  },
  {
    "name":"Adidas Originals Samba OG Shoes",
    "type":"Creamy",
    "total_produced":98753,
    "total_sold":23724,
    "damaged":8966,
    "month":"December",
    "year":2020,
    "edition":"Special Release",
    "price":100,
    "gender":"Men",
    "sell_through_rate":24.0235739674,
    "damage_rate":9.0792178465,
    "unsold_inventory":66063,
    "estimated_revenue":2372400,
    "quarter":"Q4",
    "date":"2020-12-01T00:00:00.000",
    "is_limited_edition":1,
    "price_bucket":"Mid",
    "manufacturing_date":"2020-12-01T00:00:00.000",
    "selling_date":"2021-02-04T00:00:00.000"
  },
  {
    "name":"Air Jordan 1 Mid Shoes",
    "type":"Crisper",
    "total_produced":56030,
    "total_sold":52345,
    "damaged":872,
    "month":"January",
    "year":2022,
    "edition":"Limited",
    "price":110,
    "gender":"Women",
    "sell_through_rate":93.423166161,
    "damage_rate":1.5563091201,
    "unsold_inventory":2813,
    "estimated_revenue":5757950,
    "quarter":"Q1",
    "date":"2022-01-01T00:00:00.000",
    "is_limited_edition":1,
    "price_bucket":"High",
    "manufacturing_date":"2022-01-01T00:00:00.000",
    "selling_date":"2022-02-27T00:00:00.000"
  },
  {
    "name":"Red Tape Casual Sneakers",
    "type":"White Chocolate",
    "total_produced":38474,
    "total_sold":10681,
    "damaged":3292,
    "month":"July",
    "year":2016,
    "edition":"Standard",
    "price":35,
    "gender":"Women",
    "sell_through_rate":27.7616052399,
    "damage_rate":8.5564277174,
    "unsold_inventory":24501,
    "estimated_revenue":373835,
    "quarter":"Q3",
    "date":"2016-07-01T00:00:00.000",
    "is_limited_edition":0,
    "price_bucket":"Low",
    "manufacturing_date":"2016-07-01T00:00:00.000",
    "selling_date":"2016-07-27T00:00:00.000"
  },
  {
    "name":"Nike Court Vision Low Shoes",
    "type":"Almond",
    "total_produced":66280,
    "total_sold":25611,
    "damaged":9163,
    "month":"October",
    "year":2017,
    "edition":"Holiday",
    "price":80,
    "gender":"Men",
    "sell_through_rate":38.6406155703,
    "damage_rate":13.8246831623,
    "unsold_inventory":31506,
    "estimated_revenue":2048880,
    "quarter":"Q4",
    "date":"2017-10-01T00:00:00.000",
    "is_limited_edition":0,
    "price_bucket":"Mid",
    "manufacturing_date":"2017-10-01T00:00:00.000",
    "selling_date":"2017-12-21T00:00:00.000"
  },
  {
    "name":"Puma Smash V2 Sneakers",
    "type":"Brownie",
    "total_produced":88774,
    "total_sold":83644,
    "damaged":4977,
    "month":"March",
    "year":2018,
    "edition":"Standard",
    "price":65,
    "gender":"Women",
    "sell_through_rate":94.2212810057,
    "damage_rate":5.6063712348,
    "unsold_inventory":153,
    "estimated_revenue":5436860,
    "quarter":"Q1",
    "date":"2018-03-01T00:00:00.000",
    "is_limited_edition":0,
    "price_bucket":"Mid",
    "manufacturing_date":"2018-03-01T00:00:00.000",
    "selling_date":"2018-05-19T00:00:00.000"
  },
  {
    "name":"Converse Chuck Taylor All Star",
    "type":"Peanut Butter",
    "total_produced":77862,
    "total_sold":71784,
    "damaged":1545,
    "month":"May",
    "year":2023,
    "edition":"Anniversary",
    "price":60,
    "gender":"Men",
    "sell_through_rate":92.1938814826,
    "damage_rate":1.9842798798,
    "unsold_inventory":4533,
    "estimated_revenue":4307040,
    "quarter":"Q2",
    "date":"2023-05-01T00:00:00.000",
    "is_limited_edition":0,
    "price_bucket":"Mid",
    "manufacturing_date":"2023-05-01T00:00:00.000",
    "selling_date":"2023-06-17T00:00:00.000"
  },
  {
    "name":"New Balance 574 Core",
    "type":"White Chocolate",
    "total_produced":41370,
    "total_sold":37432,
    "damaged":1580,
    "month":"April",
    "year":2016,
    "edition":"Limited",
    "price":90,
    "gender":"Men",
    "sell_through_rate":90.4810248973,
    "damage_rate":3.8191926517,
    "unsold_inventory":2358,
    "estimated_revenue":3368880,
    "quarter":"Q2",
    "date":"2016-04-01T00:00:00.000",
    "is_limited_edition":1,
    "price_bucket":"Mid",
    "manufacturing_date":"2016-04-01T00:00:00.000",
    "selling_date":"2016-05-25T00:00:00.000"
  },
  {
    "name":"Reebok Classic Leather",
    "type":"Brownie",
    "total_produced":11581,
    "total_sold":7958,
    "damaged":1296,
    "month":"June",
    "year":2016,
    "edition":"Anniversary",
    "price":85,
    "gender":"Women",
    "sell_through_rate":68.7160003454,
    "damage_rate":11.1907434591,
    "unsold_inventory":2327,
    "estimated_revenue":676430,
    "quarter":"Q2",
    "date":"2016-06-01T00:00:00.000",
    "is_limited_edition":0,
    "price_bucket":"Mid",
    "manufacturing_date":"2016-06-01T00:00:00.000",
    "selling_date":"2016-08-28T00:00:00.000"
  },
  {
    "name":"Under Armour Charged Assert 9",
    "type":"Almond",
    "total_produced":81612,
    "total_sold":27645,
    "damaged":49986,
    "month":"April",
    "year":2020,
    "edition":"Standard",
    "price":75,
    "gender":"Men",
    "sell_through_rate":33.8736950448,
    "damage_rate":61.2483458315,
    "unsold_inventory":3981,
    "estimated_revenue":2073375,
    "quarter":"Q2",
    "date":"2020-04-01T00:00:00.000",
    "is_limited_edition":0,
    "price_bucket":"Mid",
    "manufacturing_date":"2020-04-01T00:00:00.000",
    "selling_date":"2020-05-28T00:00:00.000"
  },
  {
    "name":"Fila Disruptor II Premium",
    "type":"Classic",
    "total_produced":44365,
    "total_sold":19138,
    "damaged":1305,
    "month":"September",
    "year":2015,
    "edition":"Anniversary",
    "price":70,
    "gender":"Women",
    "sell_through_rate":43.1376084751,
    "damage_rate":2.9415079455,
    "unsold_inventory":23922,
    "estimated_revenue":1339660,
    "quarter":"Q3",
    "date":"2015-09-01T00:00:00.000",
    "is_limited_edition":0,
    "price_bucket":"Mid",
    "manufacturing_date":"2015-09-01T00:00:00.000",
    "selling_date":"2015-10-29T00:00:00.000"
  },
  {
    "name":"ASICS Gel-Quantum 90",
    "type":"Crisper",
    "total_produced":62727,
    "total_sold":10401,
    "damaged":41978,
    "month":"January",
    "year":2021,
    "edition":"Special Release",
    "price":100,
    "gender":"Women",
    "sell_through_rate":16.5813764408,
    "damage_rate":66.9217402395,
    "unsold_inventory":10348,
    "estimated_revenue":1040100,
    "quarter":"Q1",
    "date":"2021-01-01T00:00:00.000",
    "is_limited_edition":1,
    "price_bucket":"Mid",
    "manufacturing_date":"2021-01-01T00:00:00.000",
    "selling_date":"2021-02-13T00:00:00.000"
  },
  {
    "name":"Skechers D'Lites",
    "type":"Classic",
    "total_produced":50620,
    "total_sold":10178,
    "damaged":33508,
    "month":"April",
    "year":2017,
    "edition":"Limited",
    "price":75,
    "gender":"Women",
    "sell_through_rate":20.1066772027,
    "damage_rate":66.1951797708,
    "unsold_inventory":6934,
    "estimated_revenue":763350,
    "quarter":"Q2",
    "date":"2017-04-01T00:00:00.000",
    "is_limited_edition":1,
    "price_bucket":"Mid",
    "manufacturing_date":"2017-04-01T00:00:00.000",
    "selling_date":"2017-04-28T00:00:00.000"
  },
  {
    "name":"Vans Old Skool",
    "type":"Brownie",
    "total_produced":93138,
    "total_sold":90175,
    "damaged":2789,
    "month":"March",
    "year":2022,
    "edition":"Standard",
    "price":70,
    "gender":"Women",
    "sell_through_rate":96.8186991346,
    "damage_rate":2.9944813073,
    "unsold_inventory":174,
    "estimated_revenue":6312250,
    "quarter":"Q1",
    "date":"2022-03-01T00:00:00.000",
    "is_limited_edition":0,
    "price_bucket":"Mid",
    "manufacturing_date":"2022-03-01T00:00:00.000",
    "selling_date":"2022-03-27T00:00:00.000"
  },
  {
    "name":"Onitsuka Tiger Mexico 66",
    "type":"Creamy",
    "total_produced":41278,
    "total_sold":8794,
    "damaged":8011,
    "month":"December",
    "year":2015,
    "edition":"Anniversary",
    "price":100,
    "gender":"Men",
    "sell_through_rate":21.30432676,
    "damage_rate":19.4074325306,
    "unsold_inventory":24473,
    "estimated_revenue":879400,
    "quarter":"Q4",
    "date":"2015-12-01T00:00:00.000",
    "is_limited_edition":0,
    "price_bucket":"Mid",
    "manufacturing_date":"2015-12-01T00:00:00.000",
    "selling_date":"2016-01-30T00:00:00.000"
  },
  {
    "name":"Lacoste Carnaby Evo",
    "type":"Almond",
    "total_produced":97304,
    "total_sold":91252,
    "damaged":1438,
    "month":"May",
    "year":2016,
    "edition":"Standard",
    "price":95,
    "gender":"Men",
    "sell_through_rate":93.7803173559,
    "damage_rate":1.4778426375,
    "unsold_inventory":4614,
    "estimated_revenue":8668940,
    "quarter":"Q2",
    "date":"2016-05-01T00:00:00.000",
    "is_limited_edition":0,
    "price_bucket":"Mid",
    "manufacturing_date":"2016-05-01T00:00:00.000",
    "selling_date":"2016-05-17T00:00:00.000"
  },
  {
    "name":"Superga 2750 Cotu Classic",
    "type":"Peanut Butter",
    "total_produced":75065,
    "total_sold":50443,
    "damaged":17137,
    "month":"October",
    "year":2020,
    "edition":"Holiday",
    "price":65,
    "gender":"Men",
    "sell_through_rate":67.1990941184,
    "damage_rate":22.8295477253,
    "unsold_inventory":7485,
    "estimated_revenue":3278795,
    "quarter":"Q4",
    "date":"2020-10-01T00:00:00.000",
    "is_limited_edition":0,
    "price_bucket":"Mid",
    "manufacturing_date":"2020-10-01T00:00:00.000",
    "selling_date":"2020-11-19T00:00:00.000"
  },
  {
    "name":"Hoka One One Clifton 8",
    "type":"Creamy",
    "total_produced":45227,
    "total_sold":12736,
    "damaged":25278,
    "month":"May",
    "year":2015,
    "edition":"Holiday",
    "price":140,
    "gender":"Women",
    "sell_through_rate":28.1601698101,
    "damage_rate":55.8913923099,
    "unsold_inventory":7213,
    "estimated_revenue":1783040,
    "quarter":"Q2",
    "date":"2015-05-01T00:00:00.000",
    "is_limited_edition":0,
    "price_bucket":"High",
    "manufacturing_date":"2015-05-01T00:00:00.000",
    "selling_date":"2015-05-23T00:00:00.000"
  },
  {
    "name":"Saucony Jazz Original",
    "type":"Brownie",
    "total_produced":18371,
    "total_sold":9308,
    "damaged":1262,
    "month":"July",
    "year":2020,
    "edition":"Anniversary",
    "price":80,
    "gender":"Men",
    "sell_through_rate":50.666811823,
    "damage_rate":6.8695226172,
    "unsold_inventory":7801,
    "estimated_revenue":744640,
    "quarter":"Q3",
    "date":"2020-07-01T00:00:00.000",
    "is_limited_edition":0,
    "price_bucket":"Mid",
    "manufacturing_date":"2020-07-01T00:00:00.000",
    "selling_date":"2020-08-10T00:00:00.000"
  },
  {
    "name":"Columbia Trailstorm Waterproof",
    "type":"Crisper",
    "total_produced":84302,
    "total_sold":26873,
    "damaged":24096,
    "month":"October",
    "year":2016,
    "edition":"Holiday",
    "price":110,
    "gender":"Men",
    "sell_through_rate":31.8770610424,
    "damage_rate":28.5829517686,
    "unsold_inventory":33333,
    "estimated_revenue":2956030,
    "quarter":"Q4",
    "date":"2016-10-01T00:00:00.000",
    "is_limited_edition":0,
    "price_bucket":"High",
    "manufacturing_date":"2016-10-01T00:00:00.000",
    "selling_date":"2016-12-28T00:00:00.000"
  },
  {
    "name":"Nike Air Force 1 '07 Sneakers",
    "type":"Peanut Butter",
    "total_produced":76692,
    "total_sold":5336,
    "damaged":5772,
    "month":"August",
    "year":2024,
    "edition":"Standard",
    "price":115,
    "gender":"Women",
    "sell_through_rate":6.9577009336,
    "damage_rate":7.526208731,
    "unsold_inventory":65584,
    "estimated_revenue":613640,
    "quarter":"Q3",
    "date":"2024-08-01T00:00:00.000",
    "is_limited_edition":0,
    "price_bucket":"High",
    "manufacturing_date":"2024-08-01T00:00:00.000",
    "selling_date":"2024-09-18T00:00:00.000"
  },
  {
    "name":"Adidas Originals Samba OG Shoes",
    "type":"Almond",
    "total_produced":60197,
    "total_sold":14835,
    "damaged":11728,
    "month":"August",
    "year":2024,
    "edition":"Standard",
    "price":100,
    "gender":"Women",
    "sell_through_rate":24.6440852534,
    "damage_rate":19.4826984733,
    "unsold_inventory":33634,
    "estimated_revenue":1483500,
    "quarter":"Q3",
    "date":"2024-08-01T00:00:00.000",
    "is_limited_edition":0,
    "price_bucket":"Mid",
    "manufacturing_date":"2024-08-01T00:00:00.000",
    "selling_date":"2024-08-22T00:00:00.000"
  },
  {
    "name":"Air Jordan 1 Mid Shoes",
    "type":"Peanut Butter",
    "total_produced":52179,
    "total_sold":21270,
    "damaged":13639,
    "month":"January",
    "year":2023,
    "edition":"Holiday",
    "price":110,
    "gender":"Men",
    "sell_through_rate":40.7635255563,
    "damage_rate":26.138868127,
    "unsold_inventory":17270,
    "estimated_revenue":2339700,
    "quarter":"Q1",
    "date":"2023-01-01T00:00:00.000",
    "is_limited_edition":0,
    "price_bucket":"High",
    "manufacturing_date":"2023-01-01T00:00:00.000",
    "selling_date":"2023-03-24T00:00:00.000"
  },
  {
    "name":"Red Tape Casual Sneakers",
    "type":"Brownie",
    "total_produced":58864,
    "total_sold":12825,
    "damaged":32901,
    "month":"July",
    "year":2022,
    "edition":"Standard",
    "price":35,
    "gender":"Men",
    "sell_through_rate":21.787510193,
    "damage_rate":55.8932454471,
    "unsold_inventory":13138,
    "estimated_revenue":448875,
    "quarter":"Q3",
    "date":"2022-07-01T00:00:00.000",
    "is_limited_edition":0,
    "price_bucket":"Low",
    "manufacturing_date":"2022-07-01T00:00:00.000",
    "selling_date":"2022-09-11T00:00:00.000"
  },
  {
    "name":"Nike Court Vision Low Shoes",
    "type":"Crisper",
    "total_produced":19034,
    "total_sold":12620,
    "damaged":2312,
    "month":"September",
    "year":2023,
    "edition":"Holiday",
    "price":80,
    "gender":"Women",
    "sell_through_rate":66.3024062204,
    "damage_rate":12.1466848797,
    "unsold_inventory":4102,
    "estimated_revenue":1009600,
    "quarter":"Q3",
    "date":"2023-09-01T00:00:00.000",
    "is_limited_edition":0,
    "price_bucket":"Mid",
    "manufacturing_date":"2023-09-01T00:00:00.000",
    "selling_date":"2023-11-29T00:00:00.000"
  },
  {
    "name":"Puma Smash V2 Sneakers",
    "type":"Classic",
    "total_produced":58354,
    "total_sold":18151,
    "damaged":19109,
    "month":"April",
    "year":2021,
    "edition":"Holiday",
    "price":65,
    "gender":"Men",
    "sell_through_rate":31.10497995,
    "damage_rate":32.7466840319,
    "unsold_inventory":21094,
    "estimated_revenue":1179815,
    "quarter":"Q2",
    "date":"2021-04-01T00:00:00.000",
    "is_limited_edition":0,
    "price_bucket":"Mid",
    "manufacturing_date":"2021-04-01T00:00:00.000",
    "selling_date":"2021-05-14T00:00:00.000"
  },
  {
    "name":"Converse Chuck Taylor All Star",
    "type":"Crisper",
    "total_produced":58270,
    "total_sold":43777,
    "damaged":8083,
    "month":"August",
    "year":2023,
    "edition":"Limited",
    "price":60,
    "gender":"Men",
    "sell_through_rate":75.1278530976,
    "damage_rate":13.8716320577,
    "unsold_inventory":6410,
    "estimated_revenue":2626620,
    "quarter":"Q3",
    "date":"2023-08-01T00:00:00.000",
    "is_limited_edition":1,
    "price_bucket":"Mid",
    "manufacturing_date":"2023-08-01T00:00:00.000",
    "selling_date":"2023-09-20T00:00:00.000"
  },
  {
    "name":"New Balance 574 Core",
    "type":"Peanut Butter",
    "total_produced":10835,
    "total_sold":8359,
    "damaged":97,
    "month":"August",
    "year":2017,
    "edition":"Special Release",
    "price":90,
    "gender":"Men",
    "sell_through_rate":77.1481310568,
    "damage_rate":0.8952468851,
    "unsold_inventory":2379,
    "estimated_revenue":752310,
    "quarter":"Q3",
    "date":"2017-08-01T00:00:00.000",
    "is_limited_edition":1,
    "price_bucket":"Mid",
    "manufacturing_date":"2017-08-01T00:00:00.000",
    "selling_date":"2017-09-05T00:00:00.000"
  },
  {
    "name":"Reebok Classic Leather",
    "type":"Almond",
    "total_produced":10191,
    "total_sold":8082,
    "damaged":1259,
    "month":"March",
    "year":2016,
    "edition":"Limited",
    "price":85,
    "gender":"Men",
    "sell_through_rate":79.3052693553,
    "damage_rate":12.3540378766,
    "unsold_inventory":850,
    "estimated_revenue":686970,
    "quarter":"Q1",
    "date":"2016-03-01T00:00:00.000",
    "is_limited_edition":1,
    "price_bucket":"Mid",
    "manufacturing_date":"2016-03-01T00:00:00.000",
    "selling_date":"2016-04-20T00:00:00.000"
  },
  {
    "name":"Under Armour Charged Assert 9",
    "type":"Crisper",
    "total_produced":74491,
    "total_sold":12850,
    "damaged":9330,
    "month":"December",
    "year":2022,
    "edition":"Holiday",
    "price":75,
    "gender":"Men",
    "sell_through_rate":17.2504060893,
    "damage_rate":12.5250030205,
    "unsold_inventory":52311,
    "estimated_revenue":963750,
    "quarter":"Q4",
    "date":"2022-12-01T00:00:00.000",
    "is_limited_edition":0,
    "price_bucket":"Mid",
    "manufacturing_date":"2022-12-01T00:00:00.000",
    "selling_date":"2022-12-25T00:00:00.000"
  },
  {
    "name":"Fila Disruptor II Premium",
    "type":"White Chocolate",
    "total_produced":78125,
    "total_sold":59140,
    "damaged":12205,
    "month":"February",
    "year":2020,
    "edition":"Standard",
    "price":70,
    "gender":"Men",
    "sell_through_rate":75.6992,
    "damage_rate":15.6224,
    "unsold_inventory":6780,
    "estimated_revenue":4139800,
    "quarter":"Q1",
    "date":"2020-02-01T00:00:00.000",
    "is_limited_edition":0,
    "price_bucket":"Mid",
    "manufacturing_date":"2020-02-01T00:00:00.000",
    "selling_date":"2020-04-28T00:00:00.000"
  },
  {
    "name":"ASICS Gel-Quantum 90",
    "type":"Creamy",
    "total_produced":61688,
    "total_sold":9904,
    "damaged":38790,
    "month":"May",
    "year":2021,
    "edition":"Standard",
    "price":100,
    "gender":"Men",
    "sell_through_rate":16.0549863831,
    "damage_rate":62.8809492932,
    "unsold_inventory":12994,
    "estimated_revenue":990400,
    "quarter":"Q2",
    "date":"2021-05-01T00:00:00.000",
    "is_limited_edition":0,
    "price_bucket":"Mid",
    "manufacturing_date":"2021-05-01T00:00:00.000",
    "selling_date":"2021-06-08T00:00:00.000"
  },
  {
    "name":"Skechers D'Lites",
    "type":"Peanut Butter",
    "total_produced":48230,
    "total_sold":22104,
    "damaged":10322,
    "month":"December",
    "year":2023,
    "edition":"Anniversary",
    "price":75,
    "gender":"Women",
    "sell_through_rate":45.8303960191,
    "damage_rate":21.4016172507,
    "unsold_inventory":15804,
    "estimated_revenue":1657800,
    "quarter":"Q4",
    "date":"2023-12-01T00:00:00.000",
    "is_limited_edition":0,
    "price_bucket":"Mid",
    "manufacturing_date":"2023-12-01T00:00:00.000",
    "selling_date":"2024-02-17T00:00:00.000"
  },
  {
    "name":"Vans Old Skool",
    "type":"Almond",
    "total_produced":69343,
    "total_sold":22822,
    "damaged":15309,
    "month":"November",
    "year":2015,
    "edition":"Limited",
    "price":70,
    "gender":"Men",
    "sell_through_rate":32.9117574953,
    "damage_rate":22.0772103889,
    "unsold_inventory":31212,
    "estimated_revenue":1597540,
    "quarter":"Q4",
    "date":"2015-11-01T00:00:00.000",
    "is_limited_edition":1,
    "price_bucket":"Mid",
    "manufacturing_date":"2015-11-01T00:00:00.000",
    "selling_date":"2016-01-03T00:00:00.000"
  },
  {
    "name":"Onitsuka Tiger Mexico 66",
    "type":"Peanut Butter",
    "total_produced":23848,
    "total_sold":10386,
    "damaged":7365,
    "month":"March",
    "year":2020,
    "edition":"Holiday",
    "price":100,
    "gender":"Women",
    "sell_through_rate":43.5508218719,
    "damage_rate":30.8830929218,
    "unsold_inventory":6097,
    "estimated_revenue":1038600,
    "quarter":"Q1",
    "date":"2020-03-01T00:00:00.000",
    "is_limited_edition":0,
    "price_bucket":"Mid",
    "manufacturing_date":"2020-03-01T00:00:00.000",
    "selling_date":"2020-04-20T00:00:00.000"
  },
  {
    "name":"Lacoste Carnaby Evo",
    "type":"White Chocolate",
    "total_produced":37215,
    "total_sold":19808,
    "damaged":10102,
    "month":"March",
    "year":2020,
    "edition":"Holiday",
    "price":95,
    "gender":"Men",
    "sell_through_rate":53.2258497918,
    "damage_rate":27.1449684267,
    "unsold_inventory":7305,
    "estimated_revenue":1881760,
    "quarter":"Q1",
    "date":"2020-03-01T00:00:00.000",
    "is_limited_edition":0,
    "price_bucket":"Mid",
    "manufacturing_date":"2020-03-01T00:00:00.000",
    "selling_date":"2020-04-08T00:00:00.000"
  },
  {
    "name":"Superga 2750 Cotu Classic",
    "type":"Peanut Butter",
    "total_produced":99922,
    "total_sold":44874,
    "damaged":54158,
    "month":"November",
    "year":2022,
    "edition":"Special Release",
    "price":65,
    "gender":"Women",
    "sell_through_rate":44.9090290427,
    "damage_rate":54.2002762154,
    "unsold_inventory":890,
    "estimated_revenue":2916810,
    "quarter":"Q4",
    "date":"2022-11-01T00:00:00.000",
    "is_limited_edition":1,
    "price_bucket":"Mid",
    "manufacturing_date":"2022-11-01T00:00:00.000",
    "selling_date":"2022-12-08T00:00:00.000"
  },
  {
    "name":"Hoka One One Clifton 8",
    "type":"Peanut Butter",
    "total_produced":21955,
    "total_sold":13133,
    "damaged":5828,
    "month":"June",
    "year":2019,
    "edition":"Special Release",
    "price":140,
    "gender":"Women",
    "sell_through_rate":59.8178091551,
    "damage_rate":26.5452061034,
    "unsold_inventory":2994,
    "estimated_revenue":1838620,
    "quarter":"Q2",
    "date":"2019-06-01T00:00:00.000",
    "is_limited_edition":1,
    "price_bucket":"High",
    "manufacturing_date":"2019-06-01T00:00:00.000",
    "selling_date":"2019-08-16T00:00:00.000"
  },
  {
    "name":"Saucony Jazz Original",
    "type":"Almond",
    "total_produced":32789,
    "total_sold":6018,
    "damaged":13251,
    "month":"August",
    "year":2024,
    "edition":"Anniversary",
    "price":80,
    "gender":"Men",
    "sell_through_rate":18.3537161853,
    "damage_rate":40.4129433652,
    "unsold_inventory":13520,
    "estimated_revenue":481440,
    "quarter":"Q3",
    "date":"2024-08-01T00:00:00.000",
    "is_limited_edition":0,
    "price_bucket":"Mid",
    "manufacturing_date":"2024-08-01T00:00:00.000",
    "selling_date":"2024-09-21T00:00:00.000"
  },
  {
    "name":"Columbia Trailstorm Waterproof",
    "type":"Classic",
    "total_produced":70560,
    "total_sold":18357,
    "damaged":52023,
    "month":"July",
    "year":2016,
    "edition":"Standard",
    "price":110,
    "gender":"Men",
    "sell_through_rate":26.0161564626,
    "damage_rate":73.7287414966,
    "unsold_inventory":180,
    "estimated_revenue":2019270,
    "quarter":"Q3",
    "date":"2016-07-01T00:00:00.000",
    "is_limited_edition":0,
    "price_bucket":"High",
    "manufacturing_date":"2016-07-01T00:00:00.000",
    "selling_date":"2016-07-27T00:00:00.000"
  },
  {
    "name":"Nike Air Force 1 '07 Sneakers",
    "type":"Peanut Butter",
    "total_produced":35969,
    "total_sold":31990,
    "damaged":1640,
    "month":"March",
    "year":2019,
    "edition":"Standard",
    "price":115,
    "gender":"Women",
    "sell_through_rate":88.9376963496,
    "damage_rate":4.559481776,
    "unsold_inventory":2339,
    "estimated_revenue":3678850,
    "quarter":"Q1",
    "date":"2019-03-01T00:00:00.000",
    "is_limited_edition":0,
    "price_bucket":"High",
    "manufacturing_date":"2019-03-01T00:00:00.000",
    "selling_date":"2019-05-09T00:00:00.000"
  },
  {
    "name":"Adidas Originals Samba OG Shoes",
    "type":"White Chocolate",
    "total_produced":19828,
    "total_sold":5357,
    "damaged":1056,
    "month":"March",
    "year":2017,
    "edition":"Anniversary",
    "price":100,
    "gender":"Men",
    "sell_through_rate":27.0173492031,
    "damage_rate":5.3258018963,
    "unsold_inventory":13415,
    "estimated_revenue":535700,
    "quarter":"Q1",
    "date":"2017-03-01T00:00:00.000",
    "is_limited_edition":0,
    "price_bucket":"Mid",
    "manufacturing_date":"2017-03-01T00:00:00.000",
    "selling_date":"2017-03-28T00:00:00.000"
  },
  {
    "name":"Air Jordan 1 Mid Shoes",
    "type":"White Chocolate",
    "total_produced":53456,
    "total_sold":13029,
    "damaged":2798,
    "month":"March",
    "year":2020,
    "edition":"Standard",
    "price":110,
    "gender":"Women",
    "sell_through_rate":24.3733163723,
    "damage_rate":5.234211314,
    "unsold_inventory":37629,
    "estimated_revenue":1433190,
    "quarter":"Q1",
    "date":"2020-03-01T00:00:00.000",
    "is_limited_edition":0,
    "price_bucket":"High",
    "manufacturing_date":"2020-03-01T00:00:00.000",
    "selling_date":"2020-04-07T00:00:00.000"
  },
  {
    "name":"Red Tape Casual Sneakers",
    "type":"White Chocolate",
    "total_produced":61773,
    "total_sold":37514,
    "damaged":966,
    "month":"April",
    "year":2019,
    "edition":"Anniversary",
    "price":35,
    "gender":"Men",
    "sell_through_rate":60.728797371,
    "damage_rate":1.5637900053,
    "unsold_inventory":23293,
    "estimated_revenue":1312990,
    "quarter":"Q2",
    "date":"2019-04-01T00:00:00.000",
    "is_limited_edition":0,
    "price_bucket":"Low",
    "manufacturing_date":"2019-04-01T00:00:00.000",
    "selling_date":"2019-05-15T00:00:00.000"
  },
  {
    "name":"Nike Court Vision Low Shoes",
    "type":"Peanut Butter",
    "total_produced":46042,
    "total_sold":23340,
    "damaged":14614,
    "month":"November",
    "year":2024,
    "edition":"Limited",
    "price":80,
    "gender":"Men",
    "sell_through_rate":50.6928456627,
    "damage_rate":31.7405846835,
    "unsold_inventory":8088,
    "estimated_revenue":1867200,
    "quarter":"Q4",
    "date":"2024-11-01T00:00:00.000",
    "is_limited_edition":1,
    "price_bucket":"Mid",
    "manufacturing_date":"2024-11-01T00:00:00.000",
    "selling_date":"2024-12-02T00:00:00.000"
  },
  {
    "name":"Puma Smash V2 Sneakers",
    "type":"Creamy",
    "total_produced":48680,
    "total_sold":37695,
    "damaged":6750,
    "month":"November",
    "year":2024,
    "edition":"Special Release",
    "price":65,
    "gender":"Men",
    "sell_through_rate":77.434264585,
    "damage_rate":13.866064092,
    "unsold_inventory":4235,
    "estimated_revenue":2450175,
    "quarter":"Q4",
    "date":"2024-11-01T00:00:00.000",
    "is_limited_edition":1,
    "price_bucket":"Mid",
    "manufacturing_date":"2024-11-01T00:00:00.000",
    "selling_date":"2025-01-16T00:00:00.000"
  },
  {
    "name":"Converse Chuck Taylor All Star",
    "type":"Almond",
    "total_produced":60202,
    "total_sold":13993,
    "damaged":27474,
    "month":"March",
    "year":2017,
    "edition":"Special Release",
    "price":60,
    "gender":"Men",
    "sell_through_rate":23.2434138401,
    "damage_rate":45.6363575961,
    "unsold_inventory":18735,
    "estimated_revenue":839580,
    "quarter":"Q1",
    "date":"2017-03-01T00:00:00.000",
    "is_limited_edition":1,
    "price_bucket":"Mid",
    "manufacturing_date":"2017-03-01T00:00:00.000",
    "selling_date":"2017-03-28T00:00:00.000"
  },
  {
    "name":"New Balance 574 Core",
    "type":"Crisper",
    "total_produced":57069,
    "total_sold":36436,
    "damaged":17842,
    "month":"October",
    "year":2023,
    "edition":"Anniversary",
    "price":90,
    "gender":"Women",
    "sell_through_rate":63.845520335,
    "damage_rate":31.2639086019,
    "unsold_inventory":2791,
    "estimated_revenue":3279240,
    "quarter":"Q4",
    "date":"2023-10-01T00:00:00.000",
    "is_limited_edition":0,
    "price_bucket":"Mid",
    "manufacturing_date":"2023-10-01T00:00:00.000",
    "selling_date":"2023-12-13T00:00:00.000"
  },
  {
    "name":"Reebok Classic Leather",
    "type":"Crisper",
    "total_produced":45446,
    "total_sold":16784,
    "damaged":854,
    "month":"July",
    "year":2018,
    "edition":"Special Release",
    "price":85,
    "gender":"Women",
    "sell_through_rate":36.9317431677,
    "damage_rate":1.8791532808,
    "unsold_inventory":27808,
    "estimated_revenue":1426640,
    "quarter":"Q3",
    "date":"2018-07-01T00:00:00.000",
    "is_limited_edition":1,
    "price_bucket":"Mid",
    "manufacturing_date":"2018-07-01T00:00:00.000",
    "selling_date":"2018-08-03T00:00:00.000"
  },
  {
    "name":"Under Armour Charged Assert 9",
    "type":"Classic",
    "total_produced":71824,
    "total_sold":51849,
    "damaged":19136,
    "month":"August",
    "year":2017,
    "edition":"Limited",
    "price":75,
    "gender":"Men",
    "sell_through_rate":72.1889619069,
    "damage_rate":26.6429048786,
    "unsold_inventory":839,
    "estimated_revenue":3888675,
    "quarter":"Q3",
    "date":"2017-08-01T00:00:00.000",
    "is_limited_edition":1,
    "price_bucket":"Mid",
    "manufacturing_date":"2017-08-01T00:00:00.000",
    "selling_date":"2017-10-03T00:00:00.000"
  },
  {
    "name":"Fila Disruptor II Premium",
    "type":"Almond",
    "total_produced":79951,
    "total_sold":12328,
    "damaged":28758,
    "month":"June",
    "year":2021,
    "edition":"Anniversary",
    "price":70,
    "gender":"Men",
    "sell_through_rate":15.4194444097,
    "damage_rate":35.9695313379,
    "unsold_inventory":38865,
    "estimated_revenue":862960,
    "quarter":"Q2",
    "date":"2021-06-01T00:00:00.000",
    "is_limited_edition":0,
    "price_bucket":"Mid",
    "manufacturing_date":"2021-06-01T00:00:00.000",
    "selling_date":"2021-06-27T00:00:00.000"
  },
  {
    "name":"ASICS Gel-Quantum 90",
    "type":"Peanut Butter",
    "total_produced":41005,
    "total_sold":25840,
    "damaged":13208,
    "month":"April",
    "year":2023,
    "edition":"Holiday",
    "price":100,
    "gender":"Men",
    "sell_through_rate":63.0167052798,
    "damage_rate":32.2107060115,
    "unsold_inventory":1957,
    "estimated_revenue":2584000,
    "quarter":"Q2",
    "date":"2023-04-01T00:00:00.000",
    "is_limited_edition":0,
    "price_bucket":"Mid",
    "manufacturing_date":"2023-04-01T00:00:00.000",
    "selling_date":"2023-06-15T00:00:00.000"
  },
  {
    "name":"Skechers D'Lites",
    "type":"Creamy",
    "total_produced":56095,
    "total_sold":42201,
    "damaged":9234,
    "month":"August",
    "year":2016,
    "edition":"Special Release",
    "price":75,
    "gender":"Women",
    "sell_through_rate":75.2313040378,
    "damage_rate":16.4613601925,
    "unsold_inventory":4660,
    "estimated_revenue":3165075,
    "quarter":"Q3",
    "date":"2016-08-01T00:00:00.000",
    "is_limited_edition":1,
    "price_bucket":"Mid",
    "manufacturing_date":"2016-08-01T00:00:00.000",
    "selling_date":"2016-09-03T00:00:00.000"
  },
  {
    "name":"Vans Old Skool",
    "type":"Brownie",
    "total_produced":50508,
    "total_sold":16505,
    "damaged":32141,
    "month":"June",
    "year":2015,
    "edition":"Standard",
    "price":70,
    "gender":"Men",
    "sell_through_rate":32.6779916053,
    "damage_rate":63.6354636889,
    "unsold_inventory":1862,
    "estimated_revenue":1155350,
    "quarter":"Q2",
    "date":"2015-06-01T00:00:00.000",
    "is_limited_edition":0,
    "price_bucket":"Mid",
    "manufacturing_date":"2015-06-01T00:00:00.000",
    "selling_date":"2015-08-30T00:00:00.000"
  },
  {
    "name":"Onitsuka Tiger Mexico 66",
    "type":"Classic",
    "total_produced":79002,
    "total_sold":67650,
    "damaged":11,
    "month":"September",
    "year":2018,
    "edition":"Special Release",
    "price":100,
    "gender":"Men",
    "sell_through_rate":85.6307435255,
    "damage_rate":0.0139236981,
    "unsold_inventory":11341,
    "estimated_revenue":6765000,
    "quarter":"Q3",
    "date":"2018-09-01T00:00:00.000",
    "is_limited_edition":1,
    "price_bucket":"Mid",
    "manufacturing_date":"2018-09-01T00:00:00.000",
    "selling_date":"2018-09-24T00:00:00.000"
  },
  {
    "name":"Lacoste Carnaby Evo",
    "type":"Almond",
    "total_produced":33260,
    "total_sold":31293,
    "damaged":1729,
    "month":"September",
    "year":2024,
    "edition":"Holiday",
    "price":95,
    "gender":"Men",
    "sell_through_rate":94.0859891762,
    "damage_rate":5.1984365604,
    "unsold_inventory":238,
    "estimated_revenue":2972835,
    "quarter":"Q3",
    "date":"2024-09-01T00:00:00.000",
    "is_limited_edition":0,
    "price_bucket":"Mid",
    "manufacturing_date":"2024-09-01T00:00:00.000",
    "selling_date":"2024-11-25T00:00:00.000"
  },
  {
    "name":"Superga 2750 Cotu Classic",
    "type":"Brownie",
    "total_produced":28566,
    "total_sold":8634,
    "damaged":17245,
    "month":"August",
    "year":2024,
    "edition":"Holiday",
    "price":65,
    "gender":"Women",
    "sell_through_rate":30.2247427011,
    "damage_rate":60.3689701043,
    "unsold_inventory":2687,
    "estimated_revenue":561210,
    "quarter":"Q3",
    "date":"2024-08-01T00:00:00.000",
    "is_limited_edition":0,
    "price_bucket":"Mid",
    "manufacturing_date":"2024-08-01T00:00:00.000",
    "selling_date":"2024-09-12T00:00:00.000"
  },
  {
    "name":"Hoka One One Clifton 8",
    "type":"Creamy",
    "total_produced":96787,
    "total_sold":56851,
    "damaged":38405,
    "month":"February",
    "year":2016,
    "edition":"Holiday",
    "price":140,
    "gender":"Men",
    "sell_through_rate":58.7382603036,
    "damage_rate":39.6799156912,
    "unsold_inventory":1531,
    "estimated_revenue":7959140,
    "quarter":"Q1",
    "date":"2016-02-01T00:00:00.000",
    "is_limited_edition":0,
    "price_bucket":"High",
    "manufacturing_date":"2016-02-01T00:00:00.000",
    "selling_date":"2016-04-07T00:00:00.000"
  },
  {
    "name":"Saucony Jazz Original",
    "type":"Peanut Butter",
    "total_produced":67261,
    "total_sold":56894,
    "damaged":7982,
    "month":"April",
    "year":2022,
    "edition":"Holiday",
    "price":80,
    "gender":"Women",
    "sell_through_rate":84.5869077177,
    "damage_rate":11.8672038774,
    "unsold_inventory":2385,
    "estimated_revenue":4551520,
    "quarter":"Q2",
    "date":"2022-04-01T00:00:00.000",
    "is_limited_edition":0,
    "price_bucket":"Mid",
    "manufacturing_date":"2022-04-01T00:00:00.000",
    "selling_date":"2022-05-01T00:00:00.000"
  },
  {
    "name":"Columbia Trailstorm Waterproof",
    "type":"Peanut Butter",
    "total_produced":97232,
    "total_sold":82194,
    "damaged":13344,
    "month":"December",
    "year":2016,
    "edition":"Anniversary",
    "price":110,
    "gender":"Women",
    "sell_through_rate":84.5338983051,
    "damage_rate":13.723876913,
    "unsold_inventory":1694,
    "estimated_revenue":9041340,
    "quarter":"Q4",
    "date":"2016-12-01T00:00:00.000",
    "is_limited_edition":0,
    "price_bucket":"High",
    "manufacturing_date":"2016-12-01T00:00:00.000",
    "selling_date":"2017-02-22T00:00:00.000"
  },
  {
    "name":"Nike Air Force 1 '07 Sneakers",
    "type":"Peanut Butter",
    "total_produced":33292,
    "total_sold":28882,
    "damaged":14,
    "month":"November",
    "year":2022,
    "edition":"Special Release",
    "price":115,
    "gender":"Men",
    "sell_through_rate":86.7535744323,
    "damage_rate":0.0420521447,
    "unsold_inventory":4396,
    "estimated_revenue":3321430,
    "quarter":"Q4",
    "date":"2022-11-01T00:00:00.000",
    "is_limited_edition":1,
    "price_bucket":"High",
    "manufacturing_date":"2022-11-01T00:00:00.000",
    "selling_date":"2022-11-27T00:00:00.000"
  },
  {
    "name":"Adidas Originals Samba OG Shoes",
    "type":"Peanut Butter",
    "total_produced":88956,
    "total_sold":46709,
    "damaged":40067,
    "month":"June",
    "year":2017,
    "edition":"Special Release",
    "price":100,
    "gender":"Women",
    "sell_through_rate":52.507981474,
    "damage_rate":45.0413687666,
    "unsold_inventory":2180,
    "estimated_revenue":4670900,
    "quarter":"Q2",
    "date":"2017-06-01T00:00:00.000",
    "is_limited_edition":1,
    "price_bucket":"Mid",
    "manufacturing_date":"2017-06-01T00:00:00.000",
    "selling_date":"2017-07-10T00:00:00.000"
  },
  {
    "name":"Air Jordan 1 Mid Shoes",
    "type":"Peanut Butter",
    "total_produced":53406,
    "total_sold":10099,
    "damaged":15597,
    "month":"November",
    "year":2018,
    "edition":"Holiday",
    "price":110,
    "gender":"Men",
    "sell_through_rate":18.9098603153,
    "damage_rate":29.2045837546,
    "unsold_inventory":27710,
    "estimated_revenue":1110890,
    "quarter":"Q4",
    "date":"2018-11-01T00:00:00.000",
    "is_limited_edition":0,
    "price_bucket":"High",
    "manufacturing_date":"2018-11-01T00:00:00.000",
    "selling_date":"2019-01-06T00:00:00.000"
  },
  {
    "name":"Red Tape Casual Sneakers",
    "type":"White Chocolate",
    "total_produced":97821,
    "total_sold":88768,
    "damaged":5500,
    "month":"January",
    "year":2020,
    "edition":"Standard",
    "price":35,
    "gender":"Men",
    "sell_through_rate":90.74534098,
    "damage_rate":5.622514593,
    "unsold_inventory":3553,
    "estimated_revenue":3106880,
    "quarter":"Q1",
    "date":"2020-01-01T00:00:00.000",
    "is_limited_edition":0,
    "price_bucket":"Low",
    "manufacturing_date":"2020-01-01T00:00:00.000",
    "selling_date":"2020-03-08T00:00:00.000"
  },
  {
    "name":"Nike Court Vision Low Shoes",
    "type":"Creamy",
    "total_produced":18885,
    "total_sold":10742,
    "damaged":2102,
    "month":"October",
    "year":2023,
    "edition":"Standard",
    "price":80,
    "gender":"Men",
    "sell_through_rate":56.8811225841,
    "damage_rate":11.1305268732,
    "unsold_inventory":6041,
    "estimated_revenue":859360,
    "quarter":"Q4",
    "date":"2023-10-01T00:00:00.000",
    "is_limited_edition":0,
    "price_bucket":"Mid",
    "manufacturing_date":"2023-10-01T00:00:00.000",
    "selling_date":"2023-11-07T00:00:00.000"
  },
  {
    "name":"Puma Smash V2 Sneakers",
    "type":"Crisper",
    "total_produced":67438,
    "total_sold":53010,
    "damaged":6875,
    "month":"November",
    "year":2016,
    "edition":"Anniversary",
    "price":65,
    "gender":"Women",
    "sell_through_rate":78.6055339719,
    "damage_rate":10.1945490673,
    "unsold_inventory":7553,
    "estimated_revenue":3445650,
    "quarter":"Q4",
    "date":"2016-11-01T00:00:00.000",
    "is_limited_edition":0,
    "price_bucket":"Mid",
    "manufacturing_date":"2016-11-01T00:00:00.000",
    "selling_date":"2016-12-01T00:00:00.000"
  },
  {
    "name":"Converse Chuck Taylor All Star",
    "type":"Almond",
    "total_produced":81568,
    "total_sold":54197,
    "damaged":3323,
    "month":"April",
    "year":2024,
    "edition":"Anniversary",
    "price":60,
    "gender":"Men",
    "sell_through_rate":66.4439486073,
    "damage_rate":4.07390153,
    "unsold_inventory":24048,
    "estimated_revenue":3251820,
    "quarter":"Q2",
    "date":"2024-04-01T00:00:00.000",
    "is_limited_edition":0,
    "price_bucket":"Mid",
    "manufacturing_date":"2024-04-01T00:00:00.000",
    "selling_date":"2024-06-11T00:00:00.000"
  },
  {
    "name":"New Balance 574 Core",
    "type":"Peanut Butter",
    "total_produced":69151,
    "total_sold":9830,
    "damaged":52376,
    "month":"June",
    "year":2024,
    "edition":"Standard",
    "price":90,
    "gender":"Women",
    "sell_through_rate":14.2152680366,
    "damage_rate":75.7414932539,
    "unsold_inventory":6945,
    "estimated_revenue":884700,
    "quarter":"Q2",
    "date":"2024-06-01T00:00:00.000",
    "is_limited_edition":0,
    "price_bucket":"Mid",
    "manufacturing_date":"2024-06-01T00:00:00.000",
    "selling_date":"2024-07-24T00:00:00.000"
  },
  {
    "name":"Reebok Classic Leather",
    "type":"Almond",
    "total_produced":23726,
    "total_sold":7431,
    "damaged":5600,
    "month":"November",
    "year":2016,
    "edition":"Anniversary",
    "price":85,
    "gender":"Men",
    "sell_through_rate":31.3200708084,
    "damage_rate":23.6027986176,
    "unsold_inventory":10695,
    "estimated_revenue":631635,
    "quarter":"Q4",
    "date":"2016-11-01T00:00:00.000",
    "is_limited_edition":0,
    "price_bucket":"Mid",
    "manufacturing_date":"2016-11-01T00:00:00.000",
    "selling_date":"2017-01-07T00:00:00.000"
  },
  {
    "name":"Under Armour Charged Assert 9",
    "type":"Brownie",
    "total_produced":22203,
    "total_sold":16073,
    "damaged":4866,
    "month":"November",
    "year":2021,
    "edition":"Anniversary",
    "price":75,
    "gender":"Women",
    "sell_through_rate":72.3911183173,
    "damage_rate":21.9159573031,
    "unsold_inventory":1264,
    "estimated_revenue":1205475,
    "quarter":"Q4",
    "date":"2021-11-01T00:00:00.000",
    "is_limited_edition":0,
    "price_bucket":"Mid",
    "manufacturing_date":"2021-11-01T00:00:00.000",
    "selling_date":"2021-12-27T00:00:00.000"
  },
  {
    "name":"Fila Disruptor II Premium",
    "type":"Creamy",
    "total_produced":31626,
    "total_sold":24900,
    "damaged":3556,
    "month":"October",
    "year":2016,
    "edition":"Standard",
    "price":70,
    "gender":"Men",
    "sell_through_rate":78.7326882944,
    "damage_rate":11.2439132359,
    "unsold_inventory":3170,
    "estimated_revenue":1743000,
    "quarter":"Q4",
    "date":"2016-10-01T00:00:00.000",
    "is_limited_edition":0,
    "price_bucket":"Mid",
    "manufacturing_date":"2016-10-01T00:00:00.000",
    "selling_date":"2016-12-12T00:00:00.000"
  },
  {
    "name":"ASICS Gel-Quantum 90",
    "type":"Peanut Butter",
    "total_produced":63645,
    "total_sold":50691,
    "damaged":9078,
    "month":"February",
    "year":2023,
    "edition":"Special Release",
    "price":100,
    "gender":"Women",
    "sell_through_rate":79.6464765496,
    "damage_rate":14.2634928117,
    "unsold_inventory":3876,
    "estimated_revenue":5069100,
    "quarter":"Q1",
    "date":"2023-02-01T00:00:00.000",
    "is_limited_edition":1,
    "price_bucket":"Mid",
    "manufacturing_date":"2023-02-01T00:00:00.000",
    "selling_date":"2023-03-26T00:00:00.000"
  },
  {
    "name":"Skechers D'Lites",
    "type":"Almond",
    "total_produced":41135,
    "total_sold":11285,
    "damaged":1626,
    "month":"May",
    "year":2019,
    "edition":"Special Release",
    "price":75,
    "gender":"Women",
    "sell_through_rate":27.4340585876,
    "damage_rate":3.9528382156,
    "unsold_inventory":28224,
    "estimated_revenue":846375,
    "quarter":"Q2",
    "date":"2019-05-01T00:00:00.000",
    "is_limited_edition":1,
    "price_bucket":"Mid",
    "manufacturing_date":"2019-05-01T00:00:00.000",
    "selling_date":"2019-05-29T00:00:00.000"
  },
  {
    "name":"Vans Old Skool",
    "type":"Peanut Butter",
    "total_produced":17144,
    "total_sold":10911,
    "damaged":31,
    "month":"October",
    "year":2019,
    "edition":"Standard",
    "price":70,
    "gender":"Women",
    "sell_through_rate":63.6432571162,
    "damage_rate":0.1808212786,
    "unsold_inventory":6202,
    "estimated_revenue":763770,
    "quarter":"Q4",
    "date":"2019-10-01T00:00:00.000",
    "is_limited_edition":0,
    "price_bucket":"Mid",
    "manufacturing_date":"2019-10-01T00:00:00.000",
    "selling_date":"2019-10-20T00:00:00.000"
  },
  {
    "name":"Onitsuka Tiger Mexico 66",
    "type":"Peanut Butter",
    "total_produced":22712,
    "total_sold":5843,
    "damaged":6781,
    "month":"November",
    "year":2016,
    "edition":"Holiday",
    "price":100,
    "gender":"Women",
    "sell_through_rate":25.7264882001,
    "damage_rate":29.8564635435,
    "unsold_inventory":10088,
    "estimated_revenue":584300,
    "quarter":"Q4",
    "date":"2016-11-01T00:00:00.000",
    "is_limited_edition":0,
    "price_bucket":"Mid",
    "manufacturing_date":"2016-11-01T00:00:00.000",
    "selling_date":"2016-12-20T00:00:00.000"
  },
  {
    "name":"Lacoste Carnaby Evo",
    "type":"White Chocolate",
    "total_produced":25139,
    "total_sold":15104,
    "damaged":6512,
    "month":"April",
    "year":2020,
    "edition":"Anniversary",
    "price":95,
    "gender":"Women",
    "sell_through_rate":60.0819443892,
    "damage_rate":25.9039739051,
    "unsold_inventory":3523,
    "estimated_revenue":1434880,
    "quarter":"Q2",
    "date":"2020-04-01T00:00:00.000",
    "is_limited_edition":0,
    "price_bucket":"Mid",
    "manufacturing_date":"2020-04-01T00:00:00.000",
    "selling_date":"2020-06-29T00:00:00.000"
  },
  {
    "name":"Superga 2750 Cotu Classic",
    "type":"Classic",
    "total_produced":94130,
    "total_sold":76319,
    "damaged":12698,
    "month":"January",
    "year":2017,
    "edition":"Holiday",
    "price":65,
    "gender":"Women",
    "sell_through_rate":81.0782959737,
    "damage_rate":13.4898544566,
    "unsold_inventory":5113,
    "estimated_revenue":4960735,
    "quarter":"Q1",
    "date":"2017-01-01T00:00:00.000",
    "is_limited_edition":0,
    "price_bucket":"Mid",
    "manufacturing_date":"2017-01-01T00:00:00.000",
    "selling_date":"2017-02-02T00:00:00.000"
  },
  {
    "name":"Hoka One One Clifton 8",
    "type":"Peanut Butter",
    "total_produced":68428,
    "total_sold":7924,
    "damaged":17255,
    "month":"December",
    "year":2019,
    "edition":"Anniversary",
    "price":140,
    "gender":"Women",
    "sell_through_rate":11.5800549483,
    "damage_rate":25.216285731,
    "unsold_inventory":43249,
    "estimated_revenue":1109360,
    "quarter":"Q4",
    "date":"2019-12-01T00:00:00.000",
    "is_limited_edition":0,
    "price_bucket":"High",
    "manufacturing_date":"2019-12-01T00:00:00.000",
    "selling_date":"2020-02-29T00:00:00.000"
  },
  {
    "name":"Saucony Jazz Original",
    "type":"Brownie",
    "total_produced":18079,
    "total_sold":7476,
    "damaged":1584,
    "month":"December",
    "year":2015,
    "edition":"Holiday",
    "price":80,
    "gender":"Women",
    "sell_through_rate":41.3518446817,
    "damage_rate":8.7615465457,
    "unsold_inventory":9019,
    "estimated_revenue":598080,
    "quarter":"Q4",
    "date":"2015-12-01T00:00:00.000",
    "is_limited_edition":0,
    "price_bucket":"Mid",
    "manufacturing_date":"2015-12-01T00:00:00.000",
    "selling_date":"2015-12-24T00:00:00.000"
  },
  {
    "name":"Columbia Trailstorm Waterproof",
    "type":"White Chocolate",
    "total_produced":87296,
    "total_sold":34820,
    "damaged":36280,
    "month":"September",
    "year":2015,
    "edition":"Anniversary",
    "price":110,
    "gender":"Women",
    "sell_through_rate":39.8872800587,
    "damage_rate":41.5597507331,
    "unsold_inventory":16196,
    "estimated_revenue":3830200,
    "quarter":"Q3",
    "date":"2015-09-01T00:00:00.000",
    "is_limited_edition":0,
    "price_bucket":"High",
    "manufacturing_date":"2015-09-01T00:00:00.000",
    "selling_date":"2015-11-28T00:00:00.000"
  }
]